2231 2762
1113 137 1168 180 16

338 251 454 299 aptum
482 253 545 283 est.
599 245 722 292 Neque
749 246 859 294 magis
885 245 999 293 placet
1024 244 1205 294 plicatura.
1261 245 1351 282 Nam
1384 247 1532 295 primum
1558 249 1699 297 quidem
1725 252 1946 287 reticulorum

337 315 491 352 maculae
514 310 618 346 nullis
640 323 791 358 unquam
811 310 1022 346 membranis
1039 313 1175 360 impleri
1194 314 1288 347 visae
1313 318 1412 358 sunt,
1442 325 1528 361 quas
1550 319 1685 361 tamen,
1709 317 1947 362 praesentibus

337 382 460 429 plicis,
490 376 686 411 necessario
714 376 943 423 exigeremus.
999 377 1136 413 Deinde
1162 391 1282 413 saccus
1308 378 1417 413 vitelli
1444 378 1487 413 ab
1515 384 1656 415 externa
1690 386 1787 428 parte
1821 382 1946 416 exami-

338 451 439 482 natus
473 442 568 477 nulla
602 439 752 475 habehat
785 441 953 488 plicarum
980 443 1146 490 vestigia,
1177 443 1308 478 scilicet
1334 443 1428 478 nulla
1454 443 1586 479 retibus
1615 457 1778 480 vasorum
1803 458 1945 493 respon-

337 511 465 547 dentia.
495 509 605 543 Porro
628 518 756 551 venae,
777 505 1011 541 blastoderma
1027 507 1300 553 circumdantes,
1323 510 1526 544 continuum
1543 523 1682 545 cursum
1701 510 1945 555 ostendebant,

337 576 474 625 qualem
499 574 591 607 intus
617 583 717 606 versa
742 584 824 605 vasa
851 577 885 607 et
918 572 1045 619 plicata
1077 572 1175 606 nullo
1205 573 1311 608 modo
1344 580 1520 621 praestare
1552 581 1724 622 poterant.
1786 577 1945 624 Denique

337 645 473 676 interna
497 650 660 672 vasorum
686 636 852 680 reticula,
888 637 918 671 si
944 636 1084 685 quidem
1110 637 1255 685 plicatas
1277 639 1495 675 membranas
1522 646 1768 688 sequerentur,
1798 640 1946 688 duplicia

338 719 414 742 esse
441 704 626 748 deberent,
655 714 742 750 quae
769 713 841 736 non
867 707 959 736 sunt.

503 767 609 815 Quod
640 768 670 802 si
704 766 890 801 obscurum
926 772 1029 814 caput
1063 773 1115 803 est
1148 767 1190 803 de
1230 774 1308 803 ortu
1347 782 1507 804 vasorum
1546 769 1664 804 vitello
1706 770 1942 810 insidentium,

338 850 410 873 non
426 835 536 884 magis
550 833 732 881 perspicua
748 831 854 866 altera
869 834 1026 879 quaestio
1048 839 1101 868 est
1116 833 1157 868 de
1175 847 1335 868 vasorum
1352 848 1507 870 munere.
1527 835 1668 870 Scilicet
1682 835 1816 870 duobus
1829 835 1945 870 verbis

338 909 375 937 ut
401 901 534 945 dicam,
563 911 730 935 venosum
746 896 829 946 quid
845 898 889 932 sit
904 897 1030 945 quidve
1057 898 1260 932 arteriosum
1276 899 1312 933 in
1334 900 1508 945 reticulis,
1527 901 1724 947 perspicere
1743 913 1814 935 non
1830 902 1939 948 potui.

1099 1055 1185 1105 §⁷-

748 1131 823 1170 De
866 1132 1020 1169 vasis
1066 1132 1522 1189 umbiliealz'bus.

501 1238 603 1272 Vena
628 1234 834 1270 umbilicalis
872 1236 909 1269 in
941 1234 1019 1270 alvo
1046 1235 1138 1271 fetus
1168 1235 1320 1270 infimam
1343 1241 1476 1283 partem
1503 1236 1648 1272 obtinet.
1701 1239 1798 1274 Haec
1824 1238 1944 1274 subter

338 1305 510 1341 intestinis
542 1300 734 1349 procedens
765 1299 866 1347 jecur
899 1299 1011 1345 subit,
1048 1306 1225 1348 postremo
1258 1300 1435 1347 paululum
1468 1301 1603 1336 sublata
1641 1303 1676 1337 in
1717 1305 1827 1350 ipsam
1869 1304 1943 1351 ejus

339 1368 558 1407 carunculam
585 1364 780 1412 conjicitur.
835 1365 903 1399 Hic
931 1366 1175 1413 angustissimo
1202 1366 1238 1398 in
1263 1365 1342 1399 loco
1367 1365 1451 1400 duas
1486 1380 1592 1402 venas
1618 1369 1764 1415 excipit,
1794 1381 1943 1415 superne

339 1431 777 1483 omphalo-meseraicam,
806 1429 930 1464 deinde
957 1429 1078 1465 dextro
1110 1430 1217 1464 latere
1251 1442 1383 1465 cavam.
1439 1431 1564 1476 (Cous.
1594 1432 1656 1481 fig.
1685 1432 1722 1467 2.
1759 1444 1787 1469 3.
1817 1439 1852 1468 et
1876 1433 1938 1481 fig.

337 1501 375 1537 6,
406 1500 469 1548 g.)
522 1498 618 1532 Haec
645 1501 759 1529 autem
779 1494 894 1528 omnia
914 1493 959 1528 ad
985 1500 1115 1529 certum
1142 1500 1277 1542 tempus
1295 1496 1488 1542 pertinent,
1518 1496 1613 1544 quod
1639 1503 1692 1532 est
1709 1503 1789 1544 post
1807 1504 1942 1545 partum

340 1578 484 1602 ovorum
510 1562 717 1610 proximum.
774 1558 872 1593 Sicut
898 1563 1011 1592 autem
1037 1558 1211 1593 variabilis
1239 1572 1399 1593 vasorum
1435 1560 1566 1594 fabrica
1599 1567 1670 1606 est,
1706 1563 1753 1596 ita
1787 1576 1830 1598 ne
1862 1576 1942 1610 pro-

339 1632 454 1681 posita
480 1627 619 1677 quidem
635 1629 806 1659 structura
832 1624 995 1670 princeps
1022 1630 1086 1658 est.
1130 1625 1262 1658 Verum
1285 1625 1496 1660 incrementa
1523 1625 1613 1660 fetus
1638 1639 1743 1673 quum
1758 1627 1941 1674 incipiunt,

340 1708 454 1744 neque
480 1692 589 1728 vitelli
613 1691 860 1726 nutrimentum
887 1688 1029 1734 deesse,
1057 1701 1169 1736 neque
1195 1701 1282 1723 vena
1306 1689 1399 1724 istud
1424 1689 1599 1725 advehens
1635 1690 1782 1727 deficere
1812 1699 1939 1740 potest.

342 1763 460 1809 Quare
491 1769 614 1793 venam
644 1753 1064 1802 omphalo-meseraicam
1096 1754 1320 1801 principalem
1342 1767 1503 1789 vasorum
1528 1767 1661 1790 ramum
1685 1769 1761 1791 esse
1779 1757 1943 1793 credibile

342 1833 407 1864 est.
446 1825 494 1860 At
519 1834 607 1871 quae
630 1822 712 1855 item
739 1819 997 1853 committuntur
1013 1817 1219 1853 umbilicalis
1236 1832 1324 1853 vena
1349 1824 1453 1866 atque
1478 1832 1581 1865 cava,
1610 1833 1690 1866 eae,
1720 1822 1750 1856 si
1775 1821 1942 1857 ambitum

343 1891 500 1942 quaeris,
531 1888 580 1922 sic
606 1899 643 1921 se
668 1883 819 1929 habent,
848 1888 886 1917 ut
910 1882 995 1918 haec
1021 1888 1195 1930 postrema
1220 1884 1325 1918 intret
1349 1884 1504 1919 alteram.
1559 1885 1734 1921 Videlicet
1747 1898 1830 1922 cava
1855 1900 1943 1923 vena

343 1957 481 1993 tenuior
505 1964 620 1988 ramus
646 1955 710 1986 est.
748 1949 849 1983 Hanc
874 1960 957 1983 vero
983 1948 1209 1995 principalem
1234 1961 1366 1983 ramum
1393 1962 1469 1985 esse
1495 1949 1611 1984 nullus
1637 1950 1769 1986 dubito.
1814 1952 1943 1998 Quem-

344 2020 530 2058 admodum
561 2017 653 2052 enim
686 2027 773 2050 vena
806 2012 1187 2061 omphalo-meseraica
1220 2014 1293 2048 sine
1331 2020 1447 2049 aortae
1481 2014 1679 2062 adjumento
1710 2016 1804 2051 nulla
1837 2024 1940 2063 esset,

345 2089 395 2123 sic
422 2090 540 2127 aorta,
578 2082 607 2115 si
632 2092 734 2115 cavae
771 2091 878 2114 venae
913 2077 1111 2123 dificerent,
1154 2079 1359 2126 sanguinem
1391 2092 1455 2127 per
1488 2092 1615 2127 corpus
1649 2080 1842 2117 diffundere
1873 2095 1943 2118 non

346 2156 478 2200 posset.
522 2147 638 2194 Quare
664 2146 699 2179 in
726 2144 793 2179 isto
812 2156 971 2179 vasorum
995 2156 1165 2179 concursu
1190 2156 1312 2180 venam
1329 2156 1447 2180 cavam
1468 2146 1685 2193 primariam,
1713 2147 1942 2184 umbilicalem
