2231 2762
831 133 1101 175 ——11

270 244 375 291 Quod
401 250 515 280 autem
541 246 576 279 in
601 244 679 279 alvo
698 242 940 279 mesenterinm
962 247 1035 286 est,
1070 240 1106 275 id
1126 240 1194 275 hoc
1214 240 1293 275 loco
1315 240 1539 289 ligamentum
1561 240 1647 275 illud
1670 233 1878 276 allantoidis.

270 310 377 357 Cujus
400 310 577 358 ligamenti
605 309 791 344 admodum
819 307 908 340 mira
929 305 1081 341 conditio
1110 307 1145 340 iu
1168 318 1208 341 eo
1230 306 1343 352 posita
1367 311 1438 351 est,
1493 305 1587 353 quod
1615 307 1713 340 initio
1742 306 1880 354 quidem

269 376 352 409 satis
375 375 519 423 longum
546 380 620 419 est,
657 373 780 409 deinde
801 372 1034 416 imminuitur,
1070 376 1105 405 et
1125 376 1325 418 postremo,
1360 371 1427 404 nisi
1446 369 1570 415 fallor,
1605 370 1707 418 plane
1730 371 1877 407 deletur.

269 439 310 473 In
332 440 406 474 ovis
429 445 512 474 natu
533 438 735 486 majoribus,
764 449 851 485 quae
873 448 983 484 paene
1005 442 1157 470 maturos
1180 436 1294 483 pullos
1317 436 1549 479 continerent,
1577 448 1642 470 nee
1655 436 1880 484 ligamentum

269 503 484 548 allantoidis,
515 516 578 538 nec
600 502 876 537 membranarum
899 500 972 548 ejus
991 500 1270 549 conjunctionem
1287 504 1425 547 praeter
1447 512 1528 534 vasa
1544 499 1649 534 ullam
1670 502 1876 537 invenimus.

267 569 370 602 Enim
393 581 476 602 vcro
498 581 578 602 vasa
598 568 776 615 ligamenti
797 568 937 601 minime
960 565 1166 612 sorbentur,
1203 565 1265 600 sed
1286 570 1461 600 externam
1490 564 1686 600 allantoidis
1707 566 1877 602 membra-

269 646 348 666 nam
369 644 446 666 cum
466 633 600 666 interna
622 645 759 679 semper
780 631 1010 680 conjungunt.
1064 632 1161 666 Haec
1177 636 1290 665 autem
1309 643 1472 665 vasorum
1494 631 1697 666 intercessio
1723 644 1795 666 non
1815 633 1878 666 im-

268 696 362 743 pedit
386 697 572 744 quominus
593 710 662 731 una
686 697 882 731 allantoidis
907 698 1021 731 vesica
1042 697 1078 730 in
1101 696 1187 730 duos
1213 695 1394 730 divellatur
1414 708 1554 741 saccos,
1592 696 1737 731 alterum
1767 703 1876 732 exter—

268 774 363 805 num,
393 761 451 808 qui
472 761 693 797 membranae
717 762 825 797 vitelli
850 763 947 810 quasi
967 766 1119 808 tapetum
1141 760 1300 806 habetur,
1331 759 1475 794 alterum
1490 761 1676 806 internum,
1707 762 1766 809 qui
1788 763 1879 797 sacci

267 825 374 860 vitelli
396 827 636 861 vestimentum
657 833 721 862 est.

430 891 604 926 Allantois
632 892 738 927 fluido
766 891 870 940 plena
899 897 952 926 est
981 890 1106 926 acerbo
1138 896 1172 925 et
1193 889 1368 938 paulisper
1391 903 1521 925 amaro.
1577 889 1619 925 ld
1641 892 1675 925 in
1700 892 1775 926 ovis
1798 898 1880 926 natu

268 956 460 991 minoribus
480 956 659 1003 limpidum
685 957 746 992 sed
767 963 881 992 tamen
903 962 1104 991 concretum
1127 961 1200 1000 est,
1229 957 1265 989 in
1286 956 1328 990 iis
1351 968 1455 999 vet-0,
1484 968 1572 1003 quae
1586 955 1644 990 diu
1664 962 1762 1003 parta
1782 963 1878 1002 sunt,

269 1023 418 1056 crassius
441 1022 544 1056 etiam
569 1028 603 1056 et
623 1022 786 1057 flavidum
809 1022 1090 1070 deprehenditur.
1146 1021 1284 1056 Etenim
1309 1020 1420 1055 indies
1444 1021 1612 1067 spissatur
1634 1021 1800 1067 fluidum,
1830 1028 1876 1067 et,

268 1099 373 1133 quum
397 1086 441 1120 ad
460 1086 496 1120 id
516 1093 656 1121 ventum
679 1094 750 1132 est,
788 1093 826 1121 ut
846 1087 931 1133 pulli
955 1086 1146 1133 prodeant,
1181 1087 1353 1120 concretis
1374 1084 1529 1132 parti-bus
1560 1086 1742 1133 impletur,
1785 1086 1877 1122 albe-

268 1151 444 1186 scentibus
468 1156 502 1185 et
525 1152 592 1185 nisi
613 1152 717 1186 fallor
738 1151 916 1186 caleareis.
972 1150 1133 1185 Vidimus
1162 1150 1306 1184 fluidum
1334 1151 1431 1197 prius
1452 1163 1554 1197 quam
1579 1150 1671 1186 I'etus
1691 1164 1792 1186 renes
1817 1151 1878 1186 ha-

266 1216 385 1259 beret,
415 1229 520 1263 quare
541 1217 584 1252 de
600 1216 745 1253 renibus
767 1217 892 1264 spuriis
911 1215 997 1250 illud
1020 1214 1187 1250 destillari
1208 1214 1400 1263 probabilis
1423 1215 1510 1248 ratio
1536 1221 1600 1250 est.
1657 1216 1787 1252 Contra
1818 1216 1879 1251 du·
1904 1248 1911 1250 ,

266 1294 325 1327 rae
348 1287 484 1328 partes,
521 1295 609 1329 qnae
639 1295 703 1330 pro
727 1282 821 1317 calce
846 1281 1048 1326 habuimus,
1085 1280 1128 1315 ab
1151 1282 1237 1328 ipsis
1260 1279 1403 1316 renibus
1430 1281 1528 1328 gigni
1549 1293 1620 1314 non
1645 1280 1787 1315 dubium
1811 1287 1876 1317 est.

266 1350 341 1383 Has
368 1348 459 1382 enim
488 1360 591 1395 saepe
623 1349 659 1382 in
683 1347 877 1382 ureteribus
899 1347 1028 1381 inveni.
1054 1364 1056 1366 v
1083 1348 1133 1381 At
1161 1346 1266 1381 calcis
1294 1346 1507 1380 mentionem
1538 1347 1702 1393 quoniam
1734 1347 1879 1382 fecimus

270 1412 407 1448 silentio
429 1414 610 1459 praeteriri
634 1414 768 1461 nequit,
796 1413 978 1447 maximam
993 1411 1067 1459 ejus
1084 1413 1219 1459 copiam
1240 1413 1277 1446 in
1292 1411 1347 1446 his
1368 1412 1443 1446 ovis
1464 1423 1540 1446 esse
1564 1412 1738 1446 inventam
1751 1437 1761 1457 ,
1792 1425 1880 1460 quae

266 1481 464 1526 importuna
484 1478 628 1526 straguli
647 1480 802 1513 siccitate
827 1477 1013 1522 exhausta,
1055 1477 1151 1512 lento
1180 1476 1286 1512 modo
1311 1477 1488 1524 perierint.
1546 1476 1704 1523 Quorum
1734 1466 1880 1512 ovorum

269 1543 484 1580 semimortui
505 1543 596 1578 setus
615 1557 716 1579 renes
733 1543 913 1578 habebant
937 1542 1042 1587 tales,
1079 1547 1118 1576 nt
1140 1547 1175 1576 et
1194 1543 1260 1589 ipsi
1284 1548 1319 1577 et
1340 1547 1494 1577 ureteres
1518 1542 1597 1577 albo
1621 1540 1745 1577 rudere
1768 1549 1877 1578 scate-

268 1615 366 1654 rent,
402 1621 474 1643 non
495 1621 597 1642 secus
617 1614 720 1657 atque
743 1607 932 1656 scyphonis
958 1620 1024 1654 ope
1049 1607 1131 1641 illuc
1155 1605 1297 1653 injecto.
1352 1606 1438 1641 ldne
1464 1606 1648 1642 morbosae
1676 1609 1879 1642 secretionis

270 1676 431 1722 signum,
471 1686 514 1708 an
528 1687 650 1708 renum
672 1674 872 1709 auxiliarem
887 1673 1153 1708 exinanitionem
1177 1678 1295 1720 atque,
1322 1673 1358 1707 in
1379 1673 1445 1707 ista
1465 1671 1662 1707 allantoidis
1685 1674 1783 1720 qnasi
1806 1673 1878 1707 sus-

267 1740 458 1784 fucatione,
483 1739 645 1774 vicariam
669 1739 856 1774 habeamus
880 1739 1058 1786 sanguinis
1080 1737 1345 1785 purgationem?

1006 1845 1042 1894 g.
1097 1843 1133 1878 6„

662 1920 733 1960 De
762 1920 894 1960 vasis
925 1921 1486 1974 omphalo-meseraiez's.

433 2011 539 2045 Fetus
562 2023 641 2045 cum
670 2023 736 2045 ovo
755 2012 848 2045 vasis
875 2010 1082 2057 conjunctus
1110 2017 1162 2044 est
1193 2010 1360 2056 quinque.
1415 2006 1552 2043 Horum
1577 2008 1716 2056 quidem
1739 2009 1808 2043 duo
1830 2011 1880 2044 vi-

271 2076 345 2111 teni
367 2081 466 2121 sunt,
495 2077 560 2111 tria
575 2075 783 2111 allantoidis.
838 2076 934 2110 Haec
951 2075 1069 2123 priora
1091 2088 1214 2109 venam
1236 2080 1269 2109 et
1285 2074 1445 2109 arteriam
1466 2073 1881 2121 omphalo-meseraicam

271 2143 470 2187 continent,
499 2142 577 2187 illa,
606 2148 784 2189 postremo
810 2141 889 2174 loeo
913 2140 1023 2185 dicta,
1053 2153 1173 2175 venam
1195 2145 1297 2188 atque
1321 2140 1464 2174 arterias
1488 2139 1716 2174 umbilicales.

1593 2205 1649 2240 2.
