2231 2762
1043 148 1074 187 5
1163 172 1324 176 —,—

261 268 326 289 ovo
346 255 544 304 degendae,
574 261 709 302 praeter
723 254 852 289 ssoccos
871 254 1097 289 flavescentes
1117 259 1150 288 et
1167 254 1264 288 venis
1294 252 1541 299 adhaerentes,
1562 253 1677 288 nullus
1702 256 1863 301 supersit.

258 322 440 356 Praeterea
466 320 552 354 nihil
573 321 696 355 mutari
715 319 872 364 videtur,
892 324 926 354 et
948 320 1043 367 quod
1065 319 1107 354 de
1131 319 1248 354 vitello
1275 318 1466 366 gallinaceo
1485 324 1639 365 constat,
1668 319 1866 354 incubatum

259 399 336 420 etun
362 386 556 420 ssuidiorem
582 385 678 431 tieri,
708 385 743 419 id
768 386 804 418 in
831 385 905 418 ovis
932 384 1156 419 colubrorum
1178 396 1249 418 non
1279 383 1494 418 observatur.

414 451 587 486 Albumeu
616 449 775 498 equidem
791 449 923 483 nullum
937 450 1066 484 inveni.
1102 449 1193 484 Nam
1221 448 1314 496 quod
1344 448 1487 482 ssuidum
1514 449 1656 484 insectis
1683 452 1758 485 ovis
1784 464 1863 497 pro-

258 523 391 561 manat,
419 515 628 563 pellucidum
656 521 713 560 et,
747 515 777 549 si
804 513 918 549 dicere
943 514 1045 559 lieet,
1082 513 1358 559 albuminosum,
1396 513 1431 547 id
1458 514 1652 549 allantoidis
1679 529 1755 551 esse
1783 529 1862 563 pro-

257 581 373 615 batum
395 586 458 615 est.
515 580 656 615 Scilicet
681 579 766 614 haec
792 579 994 627 hujusmodi
1019 580 1134 614 vesica
1154 585 1226 625 est,
1265 592 1352 628 quae
1378 583 1489 613 totum
1526 579 1698 626 vitellum,
1736 582 1763 614 si
1798 594 1862 616 ova

255 646 491 681 recentissima
517 646 714 692 exceperis,
752 646 799 680 ita
826 645 986 690 obducit,
1022 650 1060 679 ut
1093 650 1256 692 putamen
1290 646 1346 679 ovi
1375 645 1433 679 vix
1468 645 1580 692 possit
1613 644 1740 690 incidi,
1779 647 1861 692 quin

254 713 327 758 ipsa
360 711 514 746 laedatur
546 711 740 758 humorque
776 712 901 745 insitus
934 710 1143 745 effundatur.
1205 711 1306 744 Enim
1343 723 1426 745 vero
1452 710 1508 745 vel
1532 711 1769 745 recentissima
1797 722 1861 744 ova

253 778 463 821 examinavi,
499 777 535 810 in
570 775 695 824 quibus
733 776 893 810 allantois
927 776 1050 823 exigua
1093 780 1128 810 ct
1160 788 1200 810 ex
1227 788 1332 823 parva
1359 780 1456 823 parte
1482 776 1600 810 witello
1628 780 1861 823 superstructa

253 847 338 876 erat.
395 843 434 876 In
462 855 548 889 quae
575 841 732 876 incidens
759 841 1016 876 sorte‘fortuna
1042 841 1228 888 putaminis
1256 854 1330 875 eam
1357 847 1490 888 partem
1517 841 1661 886 ahstuli,
1703 853 1790 888 quae
1818 840 1859 874 ab

252 906 437 941 allantoide
473 906 672 954 subjacente
711 907 941 942 remotissima
976 910 1088 951 essct,
1125 905 1211 940 adeo
1244 912 1282 940 ut
1315 919 1379 941 nec
1412 907 1576 941 laesionis
1610 906 1721 941 sactae
1759 907 1860 939 timor

252 974 435 1017 existeret,
479 984 544 1007 nec
578 971 734 1006 humoris
768 972 1003 1019 promanaturi
1039 972 1263 1019 exspectatio.
1328 973 1460 1006 Verum
1494 978 1609 1007 tamen
1643 972 1860 1019 promanavit

250 1038 406 1072 humoris
438 1036 680 1085 lympidissimi
712 1037 859 1085 guttula.
923 1038 1019 1071 Haec
1054 1037 1087 1070 si
1114 1035 1300 1070 alhuminis
1335 1042 1428 1082 erat,
1461 1038 1687 1085 perexiguum
1714 1035 1857 1070 fluidum

249 1104 458 1150 minimeque
484 1107 687 1149 perpetuum
715 1108 779 1137 est.
817 1102 907 1137 Nam
934 1113 1012 1135 eum
1038 1100 1131 1134 aliud
1158 1114 1260 1135 ovum
1279 1103 1503 1148 aperuissem,
1529 1101 1626 1149 cujus
1643 1103 1744 1137 etiam
1766 1102 1857 1136 fetus

249 1180 438 1216 perparvus
474 1172 584 1212 esset,
629 1180 802 1214 quumque
845 1165 1086 1210 allantoidcm,
1137 1165 1219 1200 lieet
1258 1166 1488 1213 praecedente
1529 1166 1720 1214 majorem,
1771 1167 1855 1200 nihil

248 1234 446 1278 laesissem,
475 1232 591 1266 nullus
615 1231 741 1267 humor
766 1233 801 1266 in
826 1236 1050 1279 conspectum
1065 1231 1171 1266 venit.
1229 1231 1409 1266 Caeterum
1438 1231 1480 1266 dc
1503 1232 1676 1267 albumine
1694 1233 1855 1279 quoniam

249 1299 403 1346 quaestio
419 1303 490 1343 cst,
511 1297 634 1332 addam
658 1298 753 1345 quod
769 1298 861 1332 infra
878 1297 1076 1346 diligentius
1100 1296 1365 1342 demonstrabo,
1388 1296 1623 1331 membranam
1645 1297 1855 1346 singularem

248 1364 378 1399 nullam
403 1376 458 1398 mc
485 1363 641 1409 vidcsse,
666 1376 754 1411 quac
774 1376 814 1398 ex
835 1362 1024 1397 Burdachii
1047 1361 1228 1410 disciplina
1251 1361 1412 1397 albumen
1438 1363 1594 1397 comitari
1616 1362 1802 1398 debuisset.

1005 1462 1028 1511 ἓ
1052 1461 1096 1497 5.v

467 1530 540 1568 De
578 1529 890 1579 meinhranis,
928 1528 1095 1582 fluida
1131 1531 1220 1586 ovi·
1243 1529 1628 1567 concinentibus.

409 1617 531 1652 Fluida
557 1619 613 1651 ovi
642 1619 679 1652 in
712 1616 999 1665 praecedentibus
1026 1617 1198 1663 descripta
1222 1616 1432 1651 membranis
1453 1619 1674 1653 eontinentur
1704 1616 1848 1651 duabus.

244 1686 402 1720 Alterum
429 1688 593 1730 putamen
618 1683 792 1730 appellare
825 1688 937 1716 ratum
964 1688 1034 1728 est,
1068 1682 1212 1716 alterum
1238 1682 1346 1716 vitelli
1372 1683 1621 1718 membranam.
1684 1684 1851 1717 Putamen

243 1750 378 1794 album,
415 1739 586 1794 flexibile,
631 1748 874 1783 densissimum
904 1749 1058 1795 coriique
1094 1747 1216 1781 simile.
1279 1747 1357 1782 Hoc
1385 1750 1513 1783 sensim
1541 1748 1748 1793 indurescit,
1784 1748 1851 1781 uisi

243 1815 369 1860 fallor,
389 1827 596 1862 quamquam
614 1813 656 1849 de
670 1815 745 1848 ovis
758 1813 962 1848 lacertarum
972 1814 1169 1848 Emmertus
1185 1817 1220 1847 et
1233 1802 1499 1848 Hochstetterus
1519 1815 1729 1848 contrarium
1750 1825 1848 1859 prae-

243 1881 372 1915 dicant.
426 1881 594 1914 Putamen
623 1892 761 1914 saccum
785 1879 914 1913 format
938 1879 1091 1924 ovalem,
1125 1878 1181 1913 vel
1205 1878 1420 1926 longiorem,
1447 1879 1503 1914 vel
1523 1879 1782 1923 rotundiorcm,
1807 1891 1849 1912 ex

242 1959 308 1994 qua
332 1946 444 1980 forma
478 1946 553 1980 ovis
579 1944 811 1980 diversissima
840 1943 969 1991 prodit.
1030 1944 1080 1979 At
1108 1943 1197 1979 fines
1221 1945 1277 1978 ovi
1307 1957 1350 1978 an
1379 1943 1541 1979 differant
1566 1944 1723 1979 dubitare
1752 1943 1847 1987 licet,

240 2024 304 2046 nec
329 2023 480 2058 unquam
507 2010 683 2057 cuspidem
711 2009 842 2045 offendi
869 2009 976 2044 altera
1002 2011 1203 2044 acutiorem.
1224 2037 1226 2039 >

403 2077 575 2110 Putamini
601 2077 757 2123 proxima
784 2075 890 2110 vitelli
915 2075 1116 2110 membrana
1134 2081 1206 2121 est,
1235 2075 1450 2120 mollissima,
1480 2076 1679 2110 tenuissima
1697 2080 1730 2109 et
1746 2074 1848 2121 plane

238 2141 422 2189 pellucida.
478 2142 633 2176 Mutatur
657 2146 770 2176 autem
798 2154 907 2189 aquae
934 2140 1110 2177 submersa
1145 2141 1213 2176 hoc
1240 2140 1365 2185 modo,
1406 2146 1443 2174 ut
1477 2140 1577 2175 lactei
1612 2140 1739 2175 coloris
1770 2139 1842 2173 ssat.
