2231 2762
1112 136 1388 177 10»,-

335 241 578 289 conjunctione
603 241 804 289 impeditum
831 241 1026 289 prodeundi
1051 243 1166 278 locum
1194 255 1290 288 esse,
1325 241 1534 277 monendum
1563 249 1635 289 est,
1663 244 1788 292 plicam
1815 246 1944 281 blasto-

337 307 498 342 dermatis
526 320 628 354 supra
654 312 879 342 memoratam
906 309 955 342 sic
982 321 1024 343 se
1044 308 1186 353 habere,
1216 314 1254 342 ut
1268 307 1489 342 allantoidem
1515 309 1662 355 excipiat
1688 323 1832 358 eamque
1858 311 1947 345 ultra

336 371 502 419 progredi
529 372 635 409 sinat.⁸
685 373 727 407 In
753 373 828 407 ovis
862 385 984 407 recens
1018 375 1126 420 partis
1152 373 1311 408 allantois
1337 373 1523 408 vesiculam
1549 374 1747 420 praestabat
1771 376 1950 410 minimam*

336 441 370 471 et
394 437 453 470 vix
479 436 666 485 quidquam
692 438 785 472 aliud
811 451 915 486 quam
941 443 1136 485 aperturam
1162 438 1234 472 nidi
1261 437 1503 473 obducentem.
1562 438 1718 474 Subinde
1751 446 1864 474 autem
1896 442 1947 474 in-

336 501 527 546 crescebat,
557 507 604 548 et,
633 503 723 538 inter
740 516 877 537 saecum
891 502 1170 538 blastodermatis
1188 509 1221 538 et
1238 503 1473 538 membranam
1498 503 1608 538 vitelli
1624 505 1809 550 insinuata,
1837 517 1947 552 aequo

336 566 442 601 modo
467 567 622 615 undique
646 581 683 603 se
706 568 912 616 explicabat.
967 569 1022 603 Ex
1039 581 1109 616 quo
1134 570 1355 616 perspicitur,
1384 582 1623 617 compressum
1650 569 1846 604 allantoidis
1874 582 1947 604 sac-

337 644 416 666 cum
442 645 517 667 esse
543 638 578 667 et
602 633 650 667 ita
676 633 903 679 collocatum,
944 639 983 668 ut
1008 647 1050 669 ex
1077 633 1211 668 duabus
1238 634 1447 669 membranis
1473 634 1546 682 ejus
1573 636 1706 669 interna
1734 647 1871 669 saccum
1898 636 1947 668 vi-

337 696 409 731 telli
435 696 605 744 obducat,
648 704 788 735 externa
821 713 904 735 vero
935 699 1170 734 membranam
1203 699 1311 734 vitelli
1337 704 1468 747 tangat.
1525 700 1623 745 Quae
1650 713 1754 748 quam
1783 698 1949 733 mirabilis

338 763 501 810 contagio
532 764 598 809 sit,
633 777 739 812 supra
763 765 1030 813 descripsimuS,
1065 778 1143 799 nam
1175 764 1334 799 allantois
1368 765 1405 798 in
1447 764 1567 800 orbem
1599 766 1672 814 agit
1703 765 1851 814 plicam,
1894 777 1946 798 ar-

337 832 439 861 cuato
467 828 545 862 sinu
576 829 797 865 membranae
827 831 936 866 vitelli
968 836 1142 878 receptam
1169 836 1272 877 atque
1299 842 1546 876 compressam.
1600 830 1797 875 Allantois,
1841 843 1947 877 quum

337 892 486 938 primum
511 894 629 940 prodit
654 908 697 930 ex
722 896 819 942 nido,
847 897 998 931 vesicam
1024 894 1176 930 ostendit
1201 894 1398 939 rotundam,
1428 907 1540 941 neque
1556 895 1621 929 ista
1634 894 1808 929 variabilis
1836 895 1948 929 forma

337 962 404 1001 est,
433 957 495 991 sed
510 959 612 1005 plane
629 966 806 1005 constans,
835 962 950 995 vesica
967 960 1098 994 seilicet
1124 960 1159 992 in
1186 971 1307 993 omnes
1332 964 1449 1006 partes
1466 958 1691 1007 aequabiliter
1716 961 1948 995 increscente⁴

336 1021 496 1069 Denique
527 1023 687 1059 allantois
721 1038 859 1060 saccum
885 1025 993 1062 vitelli
1018 1023 1185 1068 includit,
1223 1037 1325 1071 quem
1352 1029 1489 1058 constat
1521 1024 1656 1059 ovalem
1689 1037 1826 1059 saccum
1853 1038 1944 1069 esse,

335 1099 407 1120 non
435 1087 632 1135 globosum.
689 1090 796 1138 Cujus
822 1091 873 1125 rei
899 1102 1117 1137 consequens
1143 1094 1216 1133 est,
1245 1101 1303 1123 eas
1319 1095 1434 1136 partes
1459 1089 1675 1135 allantoidis,
1704 1103 1791 1136 quae
1818 1091 1945 1124 circum

335 1151 443 1187 latera
468 1154 577 1188 vitelli
591 1160 759 1203 agantur,
788 1156 884 1202 prius
900 1155 1100 1198 convenire,
1130 1166 1217 1200 quae
1233 1166 1316 1188 vero
1335 1154 1496 1201 cuspides
1522 1155 1805 1200 circumcedant,
1825 1161 1945 1202 postea

336 1219 516 1254 committi.
572 1219 631 1254 Sic
654 1221 745 1254 enim
766 1219 868 1267 jubet
892 1220 1003 1267 impar
1027 1219 1102 1253 viae
1127 1217 1325 1266 longitudo.
1381 1220 1501 1267 Itaque
1527 1220 1557 1253 si
1583 1219 1752 1267 globosus
1778 1226 1870 1255 esset
1895 1221 1944 1253 vi-

335 1282 458 1328 tellus,
486 1283 647 1318 allantois
671 1284 823 1332 undique
849 1283 1075 1332 aequabiliter
1100 1284 1306 1318 circumacta
1331 1285 1457 1331 inuno
1478 1289 1607 1331 puncto
1634 1286 1848 1330 conveniret,
1872 1284 1945 1332 jam

338 1359 446 1394 quum
471 1348 580 1383 ovalis
602 1350 664 1394 sit,
688 1349 943 1396 conjunctionis
968 1348 1067 1382 locus
1092 1347 1233 1395 longior
1258 1354 1322 1383 est.
1377 1349 1441 1383 Est
1466 1354 1579 1384 autem
1605 1350 1723 1386 intima
1749 1349 1835 1384 haec
1862 1362 1944 1384 con-

332 1410 468 1458 junctio
494 1418 528 1448 et
550 1413 655 1460 plane
679 1413 898 1461 hujusmodi,
926 1419 964 1448 ut
989 1427 1032 1448 ex
1058 1412 1191 1447 duabus
1217 1412 1425 1447 membranis
1450 1413 1511 1447 fiat
1535 1427 1616 1450 una.

500 1478 580 1514 Hoc
605 1484 762 1527 tempore
786 1479 945 1513 allantois
972 1479 1021 1512 sic
1047 1491 1083 1512 se
1109 1477 1234 1523 habet,
1274 1483 1332 1523 ut,
1369 1483 1476 1513 totam
1502 1480 1760 1526 generationem
1787 1478 1860 1525 ejus
1887 1481 1946 1526 qui

337 1552 409 1575 non
434 1541 609 1589 viderint,
634 1544 671 1578 in
694 1544 897 1591 explicanda
923 1542 997 1590 ejus
1024 1547 1195 1577 structura
1220 1542 1400 1577 haereant.
1451 1544 1586 1590 Nempe
1611 1549 1745 1578 remoto
1771 1545 1946 1590 putamine

337 1605 607 1656 membranaque
637 1609 746 1643 vitelli
780 1609 954 1653 detracta,
998 1613 1143 1643 externa
1170 1606 1244 1655 ejus
1277 1608 1478 1643 membrana
1512 1608 1799 1656 deprehenditur,
1841 1621 1943 1656 quae,

340 1672 435 1719 quod
460 1679 619 1721 superest
645 1687 688 1709 ex
713 1686 803 1719 ovo,
828 1680 939 1710 totum
966 1673 1119 1708 obducit.
1175 1673 1217 1706 In
1241 1677 1340 1720 parte
1366 1674 1422 1707 ovi
1448 1673 1586 1718 infima,
1615 1674 1670 1707 sic
1690 1673 1804 1720 placet
1829 1673 1945 1720 appel-

338 1736 411 1772 lare
436 1737 526 1772 hanc
551 1745 684 1786 partem
709 1752 798 1788 quae
824 1744 1003 1786 aperturae
1029 1738 1101 1772 nidi
1127 1739 1287 1785 opposita
1313 1744 1383 1784 est,
1411 1738 1636 1786 ligamentum
1663 1738 1943 1785 deprehenditur,

341 1801 449 1849 quod,
478 1803 523 1837 ad
534 1803 787 1852 longitudinem
812 1805 870 1838 ovi
885 1815 1086 1851 expansum,
1115 1802 1350 1838 membranam
1377 1809 1556 1838 externam
1579 1803 1762 1837 committit
1788 1815 1874 1838 eum÷
1891 1804 1942 1837 in-

339 1872 450 1902 terna.
504 1869 602 1904 Haec
628 1875 740 1904 autem
761 1874 935 1916 postrema
962 1870 1011 1904 sic
1038 1882 1074 1903 se
1101 1868 1270 1915 explicat,
1296 1874 1334 1903 ut
1359 1868 1402 1902 ab
1429 1868 1546 1904 infima
1571 1873 1670 1915 parte
1695 1869 1751 1902 ovi
1776 1869 1946 1915 incipiens

340 1944 476 1967 sursum
502 1940 639 1982 pergat,
668 1939 719 1980 et,
744 1934 787 1969 ad
803 1940 998 1982 aperturam
1024 1934 1096 1968 nidi
1123 1933 1270 1978 sublata,
1298 1933 1439 1981 aliquod
1466 1935 1564 1981 quasi
1588 1933 1846 1967 infundibulum
1873 1933 1954 1968 effi-

341 1997 430 2043 ciat,
459 1999 553 2046 quod
578 2000 614 2033 in
639 1999 765 2047 plicam
790 1999 1068 2034 blastodermatis
1090 2013 1126 2034 se
1143 2000 1305 2034 insinuet.
1358 2001 1413 2033 Ex
1439 2012 1508 2046 quo
1533 2000 1752 2046 perspicuum
1776 2004 1841 2043 est,
1870 2010 1943 2032 sac-

340 2073 418 2097 cum
443 2064 551 2098 vitelli
575 2065 612 2099 in
637 2065 786 2113 aliquam
812 2065 910 2112 quasi
934 2065 1130 2099 allantoidis
1154 2064 1280 2111 plicam
1306 2065 1522 2099 extrinsecus
1541 2065 1728 2099 immissam
1748 2076 1844 2107 esse,
1872 2075 1949 2106 non*

341 2140 441 2164 secus
472 2134 574 2178 atque
606 2131 768 2165 intestina
799 2129 948 2164 humana
993 2143 1013 2164 a
1041 2130 1131 2177 plica
1164 2130 1354 2176 peritonaei
1386 2130 1598 2164 extrinsecus
1631 2135 1768 2164 constat
1799 2128 1949 2176 suscipi..
