2231 2762
848 110 1380 149 *4—

406 215 546 252 Deinde
568 228 638 249 non
663 214 738 249 leve
761 214 1018 249 incommodum
1041 215 1156 250 attulit
1178 217 1465 264 microscopium,
1498 217 1542 251 ad
1564 217 1702 253 labores
1729 232 1748 253 a
1770 232 1824 254 me
1847 233 1920 254 sus-

309 287 428 329 ceptos
458 294 581 328 parum
603 279 778 314 idoneum.
841 280 931 315 Nam
958 280 1053 327 quod
1079 282 1347 316 instrumentum
1371 281 1534 329 possideo
1565 284 1612 316 ita
1635 284 1827 318 institutum
1852 291 1917 329 est,

307 353 346 381 ut
360 351 497 394 praeter
513 345 687 392 pellucida
703 357 849 392 corpora
864 344 959 379 nulla
973 346 1010 379 in
1023 358 1064 380 eo
1080 347 1345 394 perspiciantur.
1384 348 1503 395 Itaque
1522 347 1629 382 multa
1645 360 1664 382 a
1680 360 1735 383 me
1751 349 1918 396 quaesita,

307 424 351 446 110
374 411 512 458 penitus
541 411 793 458 perspicerem,
822 411 1129 445 instrumentorum
1154 424 1311 446 meorum
1341 412 1520 460 prohibuit
1542 418 1664 447 natura
1673 426 1684 458 3
1723 413 1783 447 sed
1806 419 1921 448 tamen

308 475 477 511 nonnulla
498 476 635 520 inveni,
668 488 756 523 quae
780 475 889 510 multo
913 488 980 510 usu
1004 475 1152 522 probata
1181 478 1339 524 proxima
1367 490 1450 512 vero
1473 477 1583 512 videri
1613 478 1761 526 possint.
1824 478 1920 512 Haec

308 542 459 576 breviter
473 541 789 575 communicaturus
806 554 902 586 sum,
922 553 1067 587 sperans
1088 541 1164 576 fore
1181 547 1220 576 ut
1235 555 1276 577 co
1295 547 1449 590 tempore
1461 569 1472 589 ,
1497 556 1566 591 quo
1589 556 1709 578 omnes
1728 544 1919 577 anatomiae

308 606 529 654 professores
549 607 585 640 in
605 607 864 654 generationem
890 606 1087 641 animalium
1115 607 1313 655 inquirunt,
1351 607 1418 643 hoc
1446 608 1683 657 qualecunque
1715 608 1919 655 opusculum

308 670 498 707 lectoribus
518 683 589 705 non
612 671 714 718 plane
737 672 781 706 sit
804 672 992 719 ingratum.

1090 788 1174 837 ge.

618 864 688 902 De
714 862 902 916 fluidis
932 865 981 901 in
1012 878 1098 902 ovo
1130 864 1324 902 colubri
1352 867 1609 903 contentis.

409 954 484 988 Ova
507 956 663 987 recenter
685 956 782 999 parta
803 951 958 985 vitellum
982 951 1162 984 continent
1183 963 1225 985 ex
1246 951 1376 997 pallido
1393 952 1520 986 ssavum
1545 964 1616 986 non
1639 953 1738 987 valde
1756 953 1912 987 fluidum.

309 1021 343 1054 Is
364 1018 501 1066 quidem
527 1018 563 1050 in
586 1029 674 1063 aqua
699 1015 783 1049 dilui
813 1016 952 1063 nequit,
990 1028 1110 1050 verum
1136 1016 1354 1061 intumescit,
1388 1023 1423 1052 et
1456 1017 1603 1053 subinde
1630 1020 1797 1066 spissatus
1829 1018 1915 1053 adeo

308 1088 476 1128 mutatur,
509 1087 547 1115 ut
573 1081 651 1115 rudi
680 1081 779 1115 lanae
809 1093 880 1115 non
909 1080 1085 1115 dissimilis
1108 1081 1164 1114 sit.
1234 1081 1409 1116 Videntur
1445 1084 1537 1117 enim
1563 1083 1738 1118 filamenta
1770 1084 1915 1117 existere

309 1148 530 1192 tenuissima,
549 1146 611 1181 sed
628 1152 744 1180 tamen
758 1145 858 1180 firma
869 1171 880 1191 ,
908 1158 951 1180 ex
967 1158 1036 1193 quo
1061 1157 1200 1179 saccum
1221 1146 1451 1182 intestinalem
1468 1161 1536 1182 una
1557 1161 1662 1182 manu
1678 1154 1820 1193 tenens,
1843 1148 1913 1182 sor-

309 1215 395 1261 cipis
409 1212 608 1260 adjumento
625 1211 778 1246 vitellum
793 1223 971 1246 removere
986 1216 1086 1257 potes
1096 1236 1106 1255 ,
1135 1211 1233 1258 (suasi
1246 1223 1374 1258 corpus
1388 1211 1539 1248 firmum.
1595 1214 1643 1247 At
1664 1212 1721 1247 diu
1743 1212 1912 1247 submersi

308 1278 416 1313 vitelli
429 1278 576 1325 insignis
591 1276 742 1311 densitas
757 1275 798 1310 fit
814 1281 848 1310 et
862 1276 958 1310 color
974 1288 1084 1323 paene
1107 1275 1219 1310 albus.
1267 1277 1466 1312 Invenimus
1489 1279 1525 1312 in
1549 1279 1625 1312 ovis
1646 1290 1768 1313 recens
1788 1279 1910 1325 partis,

310 1356 441 1393 quaeve
450 1342 716 1376 minutissimum
730 1341 838 1376 fetum
855 1342 1084 1386 continerent,
1098 1346 1229 1388 guttam
1242 1341 1462 1388 pellucidam,
1481 1343 1656 1389 paulisper
1671 1343 1912 1378 ssavescentem

310 1411 384 1444 sine
409 1420 532 1456 sapore
555 1412 589 1442 et
611 1406 778 1441 albumini
801 1406 960 1441 similem.
1018 1406 1133 1452 Quare
1146 1405 1290 1440 fluidum
1307 1407 1392 1441 illud
1415 1420 1479 1455 pro
1501 1407 1674 1443 albumine
1690 1407 1817 1443 habere
1840 1421 1912 1443 non

308 1474 579 1518 dubitassemus,
601 1473 684 1517 nisi,
702 1472 841 1519 penitus
855 1472 892 1505 in
904 1470 1023 1506 vitello
1036 1471 1191 1505 insidens
1201 1496 1211 1516 ‚
1227 1471 1343 1506 locum
1359 1478 1546 1520 occuparet
1561 1472 1726 1507 albumini
1742 1486 1813 1507 non
1829 1486 1910 1521 pro-

306 1541 434 1588 prium.
452 1537 454 1539 ¹
488 1538 611 1585 Neque
631 1537 793 1583 ignorare
816 1541 953 1583 oportet
965 1536 1135 1583 ejusmodi
1150 1536 1293 1570 fluidum
1315 1538 1350 1571 in
1371 1538 1413 1571 iis
1434 1543 1567 1572 tantum
1589 1539 1663 1571 ovis
1686 1551 1751 1573 nos
1767 1538 1908 1584 vidisse,

309 1618 397 1654 quae
419 1601 651 1638 blastoderma
682 1601 923 1648 imperfectum
942 1601 1112 1637 haberent
1135 1602 1345 1649 minimeque
1370 1607 1442 1637 toto
1473 1603 1591 1638 vitello
1624 1609 1907 1650 superstructum.

309 1669 414 1718 Quod
427 1667 570 1703 fluidum
583 1667 650 1700 nisi
665 1666 774 1700 oculis
788 1667 873 1701 meis
886 1668 1021 1713 saepius
1033 1668 1284 1715 perspexissem
1298 1667 1484 1715 linguaque
1493 1674 1700 1717 gustassem,
1717 1667 1910 1704 dubitarem

308 1740 443 1771 exstare
458 1746 512 1778 ac,
531 1745 574 1767 110
588 1731 671 1780 quid
686 1731 868 1779 glaucoma
882 1731 966 1765 mihi
981 1732 1026 1766 ob
1046 1732 1166 1766 oculos
1183 1730 1402 1779 objecissem,
1423 1746 1634 1781 magnopere
1649 1734 1819 1769 timerem.
1849 1735 1913 1769 Est

308 1801 400 1836 enim
417 1796 549 1846 aliquid
563 1796 803 1843 inexplicabile
819 1797 856 1830 in
871 1802 969 1845 gutta
984 1797 1102 1832 vitello
1120 1798 1221 1831 insita
1232 1821 1243 1841 ,
1267 1809 1390 1844 quam,
1409 1804 1590 1844 praesente
1608 1798 1682 1833 fetu
1699 1811 1810 1847 eoque
1830 1801 1912 1833 satis

309 1865 467 1909 exculto,
494 1875 559 1910 pro
583 1861 735 1896 vesicula
757 1861 979 1909 Purkinjiana
1001 1861 1122 1896 haberi
1144 1874 1217 1896 non
1239 1874 1344 1909 posse
1361 1863 1584 1898 manifestum
1606 1868 1671 1898 est.
1685 1862 1721 1912 '')
1773 1865 1850 1898 Jam
1868 1864 1912 1898 ad

308 1929 463 1966 vitellum
481 1932 521 1962 ut
541 1927 699 1972 redeam,
728 1928 827 1974 copia
849 1928 978 1962 sensim
1003 1927 1236 1972 imminuitur,
1266 1926 1333 1961 hoc
1357 1927 1482 1974 modo,
1508 1934 1546 1978 ut
1568 1928 1611 1963 ad
1638 1928 1743 1964 finem
1762 1930 1851 1964 vitae
1876 1930 1911 1963 in
1936 1966 1940 1968 ,

407 2069 432 2106 ·)
471 2066 596 2095 Accedit
616 2067 714 2095 Bam-ii
734 2066 901 2095 observatio
921 2067 951 2094 in
971 2066 1037 2095 ovis
1057 2067 1190 2095 noudum
1208 2068 1302 2105 partis
1322 2068 1411 2097 faeta„
1452 2068 1509 2097 Hie
1530 2068 1606 2096 enim
1626 2067 1785 2096 vesiculam
1811 2066 1912 2106 liujus-

468 2112 550 2141 modi
568 2112 681 2140 nullam
700 2112 822 2141 invenit.
844 2111 889 2140 De
909 2112 959 2141 ovi
978 2112 1127 2141 mammal.
1150 2113 1259 2150 genesi.
