2231 2762
838 122 1361 162 -——6——

302 236 401 282 Quae
427 244 634 281 quamquam
660 230 845 265 tenerrima
870 235 936 275 est,
964 235 1081 264 tamen
1107 229 1181 264 siue
1205 228 1415 265 laceratione
1442 229 1585 278 forcipis
1611 243 1676 279 ope
1702 236 1909 280 aputamine

303 300 494 336 deducitur.
549 296 690 331 Scilicet
714 296 882 343 putamini
908 296 990 329 safis
1015 294 1198 339 adhaeret,
1241 308 1347 343 quare
1380 307 1447 331 ovo
1472 309 1536 343 per
1561 296 1799 344 longissimam
1826 299 1909 333 inci-

304 367 437 401 sionem
463 366 604 410 aperto,
639 373 854 409 excussoque
879 360 1021 406 vitello,
1056 360 1270 409 agglutinata
1295 360 1346 395 illi
1372 367 1539 397 remanet.
1591 362 1710 397 Venas
1737 375 1913 410 nunquam

304 431 392 467 ullas
418 427 536 463 habet.
591 426 764 461 Cohaeret
789 427 891 461 etiam
916 438 996 461 cum
1022 426 1230 472 allantoide,
1275 440 1378 474 quam
1403 427 1514 475 plicae
1540 440 1606 475 ope
1632 428 1798 462 continet.
1852 429 1913 462 Et-

306 497 398 532 enim
422 493 513 541 plica
537 492 585 527 ita
609 492 765 526 instituta
791 497 863 537 est,
904 497 944 526 ut
969 492 1181 527 extrinsecus
1215 493 1418 539 prominens
1445 498 1564 540 aperto
1592 494 1691 540 quasi
1716 493 1793 526 sinu
1818 493 1915 527 vitel-

305 561 378 595 lum
403 570 524 594 versus
549 562 676 605 pateat.
733 558 775 592 In
799 556 892 592 hunc
918 558 1031 591 sinum
1057 556 1217 591 allantois
1242 569 1279 592 se
1305 558 1446 603 inserit,
1481 558 1556 605 ipsa
1581 558 1706 605 plicam
1733 571 1841 606 agens
1868 564 1917 592 ta·

307 626 392 671 lem,
421 622 559 672 qualem
583 622 643 657 illa
657 623 762 670 plica,
786 635 889 672 quam
915 628 1016 658 antea
1041 623 1322 668 commemoravi,
1340 624 1484 670 suscipit
1502 628 1537 658 et
1554 623 1691 658 fortiter
1708 624 1915 671 comprimit.

309 692 386 727 Hae
417 701 500 724 vero
531 687 642 735 plicae
674 700 747 723 non
780 694 876 724 recto
911 701 1015 724 cursu
1045 693 1219 737 pergunt,
1259 687 1322 723 sed
1354 689 1391 722 in
1417 687 1538 722 orbem
1566 694 1744 723 currentes
1779 693 1916 723 coeunt.

313 755 420 804 Cujus
452 753 489 789 id
521 765 738 801 consequens
771 759 843 800 est,
887 755 1037 801 spatium
1071 754 1257 789 rotundum
1285 759 1320 789 et
1351 753 1492 801 aliquod
1523 754 1622 801 quasi
1655 758 1790 788 antrum
1823 755 1919 798 oriri,

315 820 424 871 quod,
453 819 617 867 quoniam
643 818 810 866 plicarum
838 818 1083 867 conjunctione
1108 820 1145 854 in
1169 818 1289 854 orbem
1317 819 1480 866 cingitur,
1509 817 1638 852 aditum
1663 818 1765 865 plane
1790 818 1921 853 nullum]

313 886 432 922 habet.
486 884 552 919 Est
576 889 689 919 autem
715 884 911 919 firmissima
936 885 1001 918 ista
1027 884 1254 933 conjunctio,
1283 889 1317 918 et
1337 895 1410 917 non
1435 883 1548 916 solum
1574 887 1632 917 aer
1657 883 1694 917 in
1707 889 1845 918 antrum
1872 886 1923 918 in-

316 952 418 987 flatus
443 950 583 984 minime
609 950 698 994 exit,
727 948 789 984 sed
814 961 858 983 ne
885 948 1091 983 dexterrima
1117 948 1258 996 quidem
1283 960 1388 982 manu
1412 947 1602 981 incolumes
1628 948 1848 983 membranae
1875 948 1924 983 di-

319 1016 541 1060 strahuntur,
577 1015 645 1049 nisi
669 1014 766 1062 prius
791 1014 828 1047 in
854 1014 1012 1061 spiritum
1037 1014 1110 1048 vini
1134 1015 1267 1060 positae
1293 1012 1337 1047 ad
1363 1013 1615 1059 separationem
1641 1014 1848 1059 promtiores
1876 1015 1926 1048 fa-

321 1088 396 1117 ctae
423 1084 516 1115 sunt.
571 1078 702 1114 Dubito
728 1078 836 1113 fluido
868 1078 1010 1126 plenum
1037 1084 1175 1113 antrum
1210 1091 1305 1122 esse,
1350 1077 1412 1111 sed
1445 1083 1561 1112 tamen
1593 1077 1657 1112 suh
1692 1091 1780 1126 aqua
1812 1085 1927 1125 partes

323 1161 401 1183 cum
427 1145 714 1190 examinaverim,
742 1143 830 1178 nihil
855 1145 941 1179 certi
962 1143 1076 1179 dicere
1102 1142 1230 1178 habeo.
1267 1142 1434 1189 Superest
1459 1143 1562 1177 situm
1587 1144 1677 1177 antri
1702 1150 1739 1178 ut
1764 1144 1925 1178 indicem.

323 1213 481 1249 Positum
507 1215 560 1245 est
585 1222 688 1256 super
712 1208 791 1244 loco
816 1208 926 1243 w‘telli
950 1208 1144 1256 pellucido,
1175 1208 1256 1256 qui,
1283 1220 1388 1255 quum
1411 1207 1502 1242 fetus
1529 1209 1728 1255 ceteroquin
1747 1208 1929 1244 abscondi-

324 1285 380 1313 tus
406 1278 471 1321 sit,
504 1275 599 1309 solus
622 1274 712 1308 hanc
739 1273 936 1308 facultatem
963 1272 1089 1319 hahet,
1118 1278 1157 1307 ut
1171 1273 1303 1320 pullum
1328 1272 1499 1307 ostendat.
1555 1274 1676 1321 Itaque
1702 1279 1836 1308 remoto
1862 1276 1930 1321 pri-

325 1356 419 1378 mum
444 1341 619 1388 putamine
645 1338 861 1387 quaerendus
893 1344 946 1374 est
970 1338 1069 1373 loeus
1100 1337 1181 1383 ille,
1224 1338 1283 1385 qui
1314 1350 1359 1372 ne
1391 1344 1490 1372 antro
1525 1338 1663 1386 quidem
1696 1345 1932 1385 superstructo

327 1407 515 1457 quidquam
542 1404 755 1439 obfuscatur.
812 1403 1009 1450 Conspecto
1035 1408 1149 1438 autem
1176 1403 1248 1438 fetu
1275 1410 1411 1437 antrum
1436 1403 1567 1448 habes,
1610 1417 1688 1438 nam
1711 1417 1772 1451 per
1799 1409 1932 1438 antrum

327 1471 539 1522 pellucidum
565 1469 686 1505 videns
714 1469 821 1504 fetum
847 1469 1011 1516 percipis.
1065 1468 1170 1503 Cous.
1200 1467 1262 1515 fig.
1292 1466 1327 1501 ²1.

1069 1600 1104 1648 g.
1160 1599 1198 1634 4.

667 1685 732 1724 De
767 1684 1012 1723 membranis
1046 1685 1104 1723 ad
1134 1684 1262 1738 fetum
1294 1686 1607 1737 pertinentibus.

501 1797 575 1833 Sub
600 1797 799 1833 membrana
825 1796 934 1831 vitelli
959 1796 1193 1832 blastoderma
1219 1795 1508 1844 deprehenditur,
1538 1797 1777 1833 mollissimum
1804 1799 1941 1847 quidem

339 1872 441 1914 atque
467 1864 702 1899 tenerrimum.
741 1861 782 1897 ld
810 1862 846 1896 in
872 1863 948 1897 ovis
974 1863 1165 1897 examinavi
1189 1861 1416 1909 probabiliter
1440 1864 1701 1909 recentissimis,
1730 1863 1790 1898 ubi
1815 1877 1857 1899 ex
1883 1867 1942 1900 tri-

338 1932 405 1967 bus
430 1928 538 1964 vitelli
562 1928 717 1976 partibus
744 1927 829 1962 duas
857 1927 1030 1963 obducere
1056 1929 1169 1963 visum
1196 1933 1260 1963 est.
1314 1928 1429 1963 Media
1454 1941 1535 1976 pars
1561 1928 1780 1964 membranae
1805 1930 1941 1976 vallem,

341 1998 413 2032 sive
439 1995 547 2029 mavis
573 1992 712 2039 nidum,
750 1993 974 2040 ostendebat,
1017 1995 1209 2041 praesentis
1235 1994 1326 2029 setus
1352 1993 1612 2029 habitationem.
1667 1995 1805 2029 Etenim
1838 1995 1943 2041 fetus,

342 2064 434 2098 inter
459 2058 692 2095 blastoderma
717 2063 751 2093 et
775 2058 1011 2094 membranam
1037 2059 1145 2094 vitelli
1169 2060 1324 2107 positus,
1353 2059 1442 2093 sieut
1463 2060 1605 2103 crescit,
1633 2058 1867 2095 blastoderma
1892 2074 1945 2096 re-

344 2127 462 2176 primit
489 2126 669 2172 sinumque
696 2123 814 2158 vitello
829 2130 866 2159 ut
882 2125 1041 2159 immittat
1056 2125 1162 2172 cogit.
1218 2125 1322 2160 Hunc
1348 2137 1430 2160 vero
1456 2123 1734 2159 blastotlermatis
1759 2138 1945 2172 recessum,
