2231 2762
1034 151 1088 191 17

257 261 337 296 licet
363 262 586 305 crassiorem,
616 259 853 294 secundariam
880 270 956 292 esse
982 270 1184 305 persuasum
1216 257 1341 292 habeo.
1397 259 1451 292 Ae
1477 259 1506 292 si
1534 271 1652 293 verum
1676 265 1741 304 est,
1772 261 1865 307 quod

255 325 428 373 probabili
453 327 585 360 ratione
613 325 813 367 statuimus,
841 335 962 357 venam
991 334 1109 355 cavam
1136 329 1252 356 aortae
1289 322 1361 357 scre
1401 323 1579 370 aequalem
1620 336 1715 369 esse,
1758 325 1867 360 refert

255 404 338 425 sanc
365 392 399 425 in
428 396 545 425 nostra
572 390 614 424 dc
641 395 751 424 aetate
778 399 941 422 venarum
969 385 1183 420 dubitatione
1209 392 1341 421 aortam
1372 388 1564 435 inspicere,
1600 401 1687 435 quae
1721 390 1756 423 in
1789 391 1864 425 ovis

256 469 377 491 recens
411 457 519 502 partis
552 455 744 501 primitivos
771 465 871 486 arcus
897 451 1060 498 utrinque
1088 450 1177 485 duos
1203 450 1319 486 habet.
1375 453 1496 500 Itaque
1523 454 1695 488 concretis
1714 456 1862 490 anterio-

255 521 350 556 ribus
377 519 620 555 branchiarum
646 519 737 552 vasis
753 529 816 551 nee
834 522 964 550 aortam
993 528 1117 549 novam
1143 528 1219 551 esse
1246 516 1411 552 credibile
1427 523 1492 562 est,
1521 530 1586 552 nec
1605 530 1726 553 venam
1743 533 1860 555 cavam

253 586 356 633 plane
378 590 565 620 recentem.
602 583 731 617 Contra
747 595 869 616 venam
886 580 1117 615 umbilicalem
1136 580 1258 616 diebus
1280 583 1437 629 proxime
1455 582 1742 629 praecedentibus
1758 587 1860 621 exsti-

254 651 358 694 tisse,
386 648 582 684 allantoidis
608 647 786 682 celerrime
812 647 1037 681 increscentis
1065 645 1214 681 ambitus
1239 653 1370 693 monet,
1400 649 1460 696 qui
1486 648 1601 683 adhuc
1628 649 1772 697 exiguus
1793 656 1858 686 est.

415 782 569 817 Redeam
605 781 647 816 ad
691 794 828 816 cursum
872 792 979 815 venae
1022 786 1056 815 et
1089 779 1133 815 ad
1168 779 1449 827 conjunctionem
1482 781 1556 829 ejus
1595 794 1675 817 eum
1718 787 1861 820 caeteris

254 848 344 882 vasis
371 847 643 882 memorabilem.
698 847 815 894 Atque
843 845 885 880 de
911 845 1017 880 altera
1043 845 1183 893 quidem
1209 847 1440 892 anastomosi,
1469 858 1547 881 cum
1574 860 1660 882 vena
1682 848 1860 896 omphalo-

253 913 440 947 meseraica
473 911 708 947 intercedente
740 924 853 959 neque
894 910 952 945 diu
985 910 1150 956 durante,
1194 911 1277 945 satis
1313 910 1473 946 diximus.
1541 912 1696 953 Alteram
1732 920 1858 960 autem,

253 991 331 1011 cum
357 990 445 1012 vena
471 990 575 1021 cava,
606 976 887 1024 conjunctionem
912 975 1015 1022 plane
1041 979 1257 1010 constantem
1283 976 1419 1022 inveni,
1448 976 1534 1012 adeo
1554 983 1592 1012 ut
1618 977 1774 1014 dubitare
1802 993 1859 1015 ne-

253 1055 397 1090 queam,
427 1044 511 1091 quin
536 1044 600 1076 ista
634 1055 716 1077 vasa
749 1041 792 1076 ad
827 1047 963 1088 partum
998 1053 1108 1088 usque
1133 1040 1327 1088 pullorum,
1364 1042 1454 1076 inter
1486 1055 1524 1077 se
1557 1042 1741 1090 conjuncta
1775 1045 1855 1079 sint.

252 1107 424 1142 Addenda
451 1112 504 1141 est
529 1107 714 1153 descriptio
740 1118 848 1140 venae
874 1106 1140 1150 minutissimae,
1171 1118 1258 1152 quae
1296 1107 1333 1140 iu
1366 1106 1613 1155 embryonibus
1654 1109 1767 1143 minus
1801 1122 1857 1144 ex—

251 1171 373 1216 cultis,
402 1171 447 1206 ad
472 1171 703 1205 umbilicalem
736 1170 957 1205 transfertur.
1018 1170 1116 1205 Haec
1151 1171 1313 1204 nimirum
1341 1170 1442 1218 jecur
1471 1174 1661 1219 percurrit,
1704 1179 1807 1222 atque
1839 1188 1859 1210 a

250 1237 385 1284 postico
412 1236 519 1271 latere
545 1236 588 1270 ad
614 1237 764 1270 anticum
790 1241 1001 1283 propagata,
1031 1235 1263 1270 umbilicalem
1297 1249 1421 1271 venam
1447 1242 1549 1271 acuto
1575 1239 1703 1287 angulo
1737 1241 1854 1276 intrat.

250 1302 396 1337 Hancne
435 1301 567 1337 referre
602 1302 808 1349 sanguinem
842 1300 976 1348 hepatis
1016 1306 1197 1347 putemuS,
1226 1314 1271 1335 an
1305 1300 1442 1337 adferre
1469 1314 1627 1337 eruorem
1663 1303 1858 1340 allantoidis

249 1367 505 1402 existimemus?
556 1366 671 1402 Video
696 1379 819 1401 venam
845 1367 891 1400 ita
918 1366 1017 1400 sitam
1044 1378 1139 1411 esse,
1174 1371 1214 1400 ut
1244 1367 1302 1401 vix
1335 1368 1448 1415 possit
1479 1380 1637 1403 cruorem
1672 1369 1854 1406 adducere.

250 1431 403 1468 Deberet
427 1433 519 1467 enim
546 1433 689 1481 sanguis
714 1433 894 1466 immutato
920 1443 1024 1465 cursu
1049 1430 1164 1466 subito
1190 1432 1329 1466 reverti.
1372 1433 1505 1468 Verum
1525 1438 1638 1468 tamen
1666 1433 1857 1482 hepaticam

248 1510 369 1533 venam
397 1510 473 1533 esse
498 1511 587 1544 eam,
616 1499 730 1532 minus
756 1497 859 1532 etiam
874 1495 988 1543 placet
1004 1495 1159 1531 credere.
1195 1497 1349 1532 Primum
1365 1498 1533 1545 plurimae
1553 1498 1858 1545 deprehenduntur

250 1575 357 1598 venae
390 1563 590 1610 hepaticae,
628 1575 716 1610 quae
749 1575 855 1609 quum
889 1573 1010 1596 omues
1043 1562 1079 1595 in
1106 1574 1229 1597 venam
1255 1575 1373 1598 cavam
1406 1563 1607 1599 inferiorem
1643 1565 1852 1610 inserantur,

251 1628 343 1662 nulla
370 1640 473 1662 causa
499 1632 565 1673 est,
594 1639 657 1661 cur
680 1640 748 1661 una
769 1627 805 1661 in
821 1626 1053 1661 umbilicalem
1074 1626 1266 1662 diducatur.
1296 1629 1407 1663 Porro
1433 1641 1540 1664 venae
1562 1628 1758 1676 hepaticae,
1785 1643 1854 1678 quo

249 1695 328 1740 quis
354 1693 543 1740 perfectior
569 1692 659 1727 fetus
686 1697 758 1737 est,
787 1691 918 1726 ambitu
943 1691 1093 1739 majores
1120 1698 1219 1737 sunt,
1257 1693 1348 1727 sicut
1379 1698 1414 1728 et
1440 1692 1609 1741 jecinoris
1641 1694 1753 1742 major
1784 1708 1854 1729 am-

249 1757 342 1793 bitus
367 1759 532 1805 requirit,
574 1763 609 1792 et
640 1770 748 1792 venae
782 1757 1183 1804 omphalo-meseraicae
1216 1762 1407 1804 structura,
1437 1771 1529 1792 nunc
1556 1758 1692 1793 demum
1719 1771 1857 1795 omnem

249 1823 454 1872 sanguinem
492 1822 536 1857 ad
564 1821 665 1870 jecur
695 1822 951 1858 transferentis.
1018 1822 1120 1856 Vena
1161 1827 1275 1857 autem
1310 1835 1329 1856 a
1360 1836 1416 1858 me
1447 1822 1597 1858 indicata
1632 1825 1759 1859 sensim
1794 1826 1855 1859 im-

249 1888 376 1932 minui,
405 1888 475 1922 imo
501 1887 608 1923 deleri
630 1887 785 1933 videtur,
815 1889 861 1922 ita
881 1893 920 1922 ut
936 1888 1092 1921 maximis
1112 1888 1148 1921 in
1165 1886 1412 1935 embryonibus
1430 1888 1562 1922 nullum
1580 1887 1654 1936 ejus
1672 1890 1855 1937 vestigium

249 1953 500 1999 conspexerim.
542 1953 698 1998 Quarum
714 1966 829 1988 rerum
856 1965 1023 1987 summam
1050 1953 1079 1986 si
1103 1952 1322 2000 colligimus,
1350 1965 1472 2000 parum
1499 1952 1598 1988 abest
1624 1955 1707 2002 quin
1734 1967 1856 1989 venam

247 2017 479 2052 umbilicalem
512 2030 674 2052 vasorum
705 2023 828 2065 portae
860 2017 1101 2052 secundarium
1131 2030 1263 2051 ramum
1296 2017 1499 2053 habeamus.
1559 2020 1712 2054 Primum
1747 2021 1850 2062 enim,

245 2084 335 2118 vitae
360 2083 480 2128 initio,
510 2095 587 2117 cum
615 2096 653 2117 ea
678 2095 766 2117 vena
792 2083 1039 2126 committitur,
1068 2095 1156 2129 quae
1183 2082 1298 2116 futura
1317 2088 1438 2129 portae
1453 2096 1541 2118 vena
1567 2089 1620 2118 est
1629 2098 1639 2129 3
1670 2084 1794 2119 deinde
1812 2097 1854 2119 ex

247 2147 433 2182 allantoide
460 2149 588 2193 oritur,
618 2147 653 2182 id
680 2153 732 2183 est
759 2161 800 2182 cx
827 2148 1068 2182 intestinorum
1094 2146 1247 2194 projecta
1274 2153 1372 2195 parte
1398 2154 1432 2184 et
1458 2148 1572 2197 aliqua
1589 2150 1686 2196 quasi
1713 2148 1851 2195 hernia,

1602 2224 1627 2247 ί)
