2231 2762
1121 153 1175 194 ia
1235 125 1443 183 ---*

348 265 497 311 denique
530 261 573 296 ad
595 261 696 309 jecur
722 261 926 309 sanguinem
952 260 1043 296 serre
1068 259 1222 306 videtur,
1258 259 1294 295 id
1320 258 1415 309 quod
1442 271 1602 295 vasorum
1628 263 1748 307 portae
1773 260 1950 306 proprium

346 341 469 364 mimus
495 331 560 362 est.

348 438 353 443 .
509 392 611 427 Vena
642 391 848 427 umbilicalis
874 391 985 440 qualis
1010 393 1047 426 in
1074 393 1148 428 fetu
1181 393 1243 438 sit,
1286 392 1447 427 diximus.
1503 392 1544 426 In
1577 390 1732 425 funiculo
1765 388 1955 424 umbilieali

348 460 459 495 obiter
499 470 609 506 urago
643 459 857 506 agglutinata
898 464 970 504 est,
1015 458 1116 503 dein,
1158 457 1331 505 patefacta
1373 457 1578 502 allantoide,
1622 455 1841 491 membranas
1881 453 1954 501 ejus

348 529 506 573 penetrat
531 529 565 558 et
589 524 626 558 in
651 524 761 571 ipsam
787 524 937 558 vesicam
972 536 1008 558 se
1039 524 1202 558 insinuat.
1257 524 1325 558 Hic
1350 535 1469 556 rursus
1503 521 1763 557 memorabilem
1793 532 1956 555 vasorum

348 603 486 625 cursum
513 588 821 636 deprehendimus,
850 602 958 637 quae,
988 602 1074 637 quas
1099 590 1247 636 primum
1269 588 1425 623 insidunt
1446 588 1684 632 membranas‚
1708 586 1893 630 deserunt,
1923 589 1958 619 et

349 669 411 703 per
443 668 564 690 cavum
597 656 731 690 vesicae
766 655 909 690 liberius
944 654 1153 689 discurrunt.
1217 655 1359 691 Scilicet
1389 654 1596 688 umbilicalis
1633 665 1741 688 venae
1782 651 1869 685 duos
1907 650 1957 684 ibi

349 733 465 756 ramos
489 720 651 755 vidimus.
705 720 806 755 Alter
831 719 1068 756 membranam
1093 720 1290 755 allantoidis
1316 722 1487 755 internam
1513 720 1687 767 sequitur,
1716 718 1802 752 alter
1826 717 1957 763 appetit

350 791 538 822 externam.
592 786 729 821 Horum
753 798 917 820 vasorum
941 784 996 830 id,
1026 785 1120 833 quod
1144 787 1257 834 primo
1282 786 1362 821 loco
1389 785 1674 830 memoravimus,
1702 795 1817 818 ramos
1845 781 1958 830 gignit

352 852 541 899 plurimos7
579 852 658 898 qui7
694 849 738 884 ab
764 856 924 898 apertura
954 850 1027 884 nidi
1059 864 1165 898 quum
1204 852 1336 899 egressi
1378 852 1469 896 sint⁷
1510 850 1666 897 undique
1707 848 1890 883 discedunt
1922 852 1957 881 et

351 917 455 951 simul
481 928 521 951 ac
546 915 746 950 membrana
771 915 966 950 allantoidis
994 916 1130 949 interna
1156 915 1200 949 ad
1227 917 1421 964 oppositam
1446 921 1581 962 partem
1607 916 1663 949 ovi
1685 913 1899 949 descendunt
1909 912 1952 961 *).

351 983 419 1017 Hie
445 981 560 1016 subito
585 980 808 1015 inflectuntur
834 984 868 1014 et
894 992 972 1013 cum
999 984 1139 1014 externa
1165 979 1361 1016 allantoidis
1384 979 1586 1015 membrana
1611 979 1656 1014 ad
1681 991 1876 1027 supremam
1900 979 1957 1012 ovi

351 1051 484 1094 partem
511 1058 549 1080 se
574 1046 759 1093 recipiunt.
814 1045 935 1092 ltaque
961 1044 1128 1079 hactenus
1148 1045 1243 1079 nulla
1270 1047 1343 1080 sine
1364 1045 1642 1081 membranarum
1663 1049 1857 1080 commeatu
1875 1055 1958 1077 vasa

352 1111 519 1156 vidimus,
553 1110 647 1144 nulla
675 1110 824 1158 denique
858 1110 894 1144 in
928 1123 1052 1157 aquam
1083 1110 1279 1145 allantoidis
1317 1112 1454 1158 penitus
1488 1112 1662 1145 immersa.
1715 1110 1766 1145 At
1795 1113 1958 1156 resorpto

353 1175 549 1211 allantoidis
574 1175 783 1223 ligamento,
810 1174 906 1223 quod
925 1176 1123 1210 mesenterii
1149 1176 1259 1211 simile
1285 1189 1362 1211 esse
1387 1189 1491 1223 supra
1511 1180 1740 1210 memoratum
1766 1180 1838 1219 est,
1874 1186 1958 1208 vasa

355 1242 495 1290 quidem
517 1245 694 1288 perstant,
729 1253 798 1288 quo
820 1240 882 1286 fit,
906 1245 964 1285 ut,
995 1240 1108 1275 deleto
1140 1242 1239 1289 quasi
1262 1247 1368 1288 ponte
1399 1254 1503 1289 quem
1524 1242 1729 1286 transirent,
1766 1238 1958 1274 innatando

355 1308 553 1356 oppositum
576 1305 667 1340 latus
693 1311 860 1353 quaerant
890 1311 925 1341 et
946 1306 1094 1341 mediam
1122 1320 1186 1354 per
1209 1319 1335 1355 aquam
1363 1306 1558 1340 allantoidis
1583 1310 1772 1341 transeant.
1833 1305 1958 1352 Neque

356 1372 531 1407 dissimilis
553 1369 697 1405 secundi
717 1371 804 1404 rami
825 1372 913 1406 ratio
932 1377 1003 1417 est⁷
1022 1372 1103 1420 qui,
1131 1385 1173 1407 ex
1193 1377 1352 1419 apertura
1376 1371 1448 1406 nidi
1470 1384 1644 1416 emersus,
1665 1384 1802 1406 sursum
1827 1370 1956 1417 vergit,

355 1444 390 1473 et
418 1436 611 1485 procedens
633 1448 695 1483 per
720 1448 844 1483 aquam
870 1441 1047 1471 externam
1070 1438 1205 1472 vesicae
1226 1436 1462 1472 membranam
1484 1437 1625 1484 appetit.
1688 1436 1753 1471 Cui
1773 1440 1958 1483 antequam

354 1502 563 1538 inhaerescit
586 1501 623 1534 in
646 1505 718 1534 tres
734 1506 924 1548 quatuorve
937 1513 1053 1536 ramos
1074 1488 1283 1549 quand-oque
1298 1502 1416 1550 plures
1438 1502 1620 1546 dividitur,
1646 1502 1705 1549 qui
1722 1500 1957 1536 membranam

355 1566 552 1602 allantoidis
574 1564 727 1613 undique
748 1571 991 1613 percurrentes
1013 1567 1080 1613 ipsi
1099 1566 1187 1601 flunt
1210 1568 1351 1602 ramosi.

520 1647 679 1682 Arteriae
709 1646 946 1692 umbilieale59
975 1659 1084 1694 prope
1107 1660 1126 1681 a
1152 1647 1222 1683 fine
1247 1649 1403 1683 intestini
1430 1653 1547 1693 ortae,
1578 1647 1622 1682 ad
1641 1646 1844 1682 umbilicum
1876 1659 1961 1695 pro-

359 1714 507 1758 cedunt,
536 1718 639 1760 atque
663 1711 854 1746 funiculum
877 1710 1109 1746 umbilicalem
1131 1713 1214 1747 satis
1240 1718 1398 1748 tortuoso
1418 1726 1522 1748 cursu
1547 1718 1739 1748 transeunt.
1759 1746 1769 1750 ,
1799 1713 1960 1760 Denique

360 1778 405 1813 ad
423 1778 517 1813 hunc
541 1777 657 1812 locum
679 1778 878 1821 venientes,
903 1775 963 1810 ubi
982 1789 1025 1811 ex
1048 1777 1204 1812 funiculo
1226 1778 1419 1825 procedens
1436 1791 1564 1828 uragus
1586 1779 1715 1813 sensim
1733 1791 1771 1812 se
1796 1777 1958 1824 explieat,

361 1842 582 1879 allantoidem
612 1841 793 1889 perforant
821 1841 985 1885 etiams,
1017 1842 1053 1875 in
1084 1854 1202 1877 cavam
1222 1848 1355 1889 partem
1378 1842 1472 1890 ejus⁷
1496 1848 1691 1891 penetrant.
1754 1843 1834 1889 Quo
1866 1843 1962 1876 facto

361 1909 507 1943 duorum
529 1920 689 1942 vasorum
709 1906 766 1952 id,
795 1905 890 1954 quod
913 1907 1050 1941 sinistra
1071 1912 1168 1954 parte
1194 1908 1284 1943 fetus
1307 1909 1436 1954 oritur,
1455 1909 1625 1943 internam
1641 1908 1837 1944 allantoitlis
1856 1922 1966 1943 mem—

454 2115 477 2152 ·)
522 2114 623 2188 Licea}
642 2115 671 2142 in
692 2116 883 2155 sequentibus
903 2127 966 2146 eam
988 2120 1103 2155 partem
1124 2118 1191 2152 ovi,
1226 2129 1303 2157 quae
1329 2119 1391 2148 nidi
1419 2122 1587 2159 aperturam
1615 2120 1759 2154 ostendit,
1794 2127 1963 2156 supremam

521 2170 598 2198 appe
625 2170 683 2188 arc.
