2231 2762
821 147 1099 187 ——15

262 260 366 289 nuato
392 267 494 289 cursu
517 254 666 289 medium
700 264 762 299 per
782 252 936 286 vitellum
964 258 1186 301 propagata&
1247 253 1321 287 Has
1347 265 1390 287 ex
1415 251 1682 286 blastodermate
1704 255 1797 283 ortas
1821 251 1868 282 xi-

263 319 361 354 debis
386 321 486 353 etiam
515 321 551 354 in
575 318 806 353 blastoderma
830 317 964 362 redire,
991 319 1128 352 nonita
1150 323 1188 351 ut
1210 317 1302 352 unde
1326 322 1421 352 ortae
1446 317 1516 351 sint
1536 316 1605 349 huc
1626 328 1663 350 se
1685 315 1867 360 recipiant,

262 384 324 418 sed
351 397 421 418 uno
457 385 562 419 latere
597 384 688 419 sacci
726 387 821 416 ortae
861 381 1006 416 alterum
1041 395 1288 429 saepenumero
1316 387 1482 429 appetunt
1513 393 1622 428 paene
1657 380 1866 427 oppositum.

263 449 420 495 Quorum
441 462 602 484 vasorum
636 453 720 495 quot
745 452 779 482 et
805 447 924 494 quanti
956 447 1134 482 anfractus
1167 449 1257 493 sint,
1295 447 1331 481 id
1370 446 1443 494 jam
1482 447 1565 480 satis
1607 445 1730 489 (locet,
1776 443 1870 492 quod

263 527 385 549 venam
412 527 453 549 ex
480 513 596 548 vitello
623 513 825 559 praeparavi
851 517 999 560 quatuor
1025 512 1170 559 pollices
1197 512 1352 561 longam.
1407 511 1479 547 Sed
1504 510 1717 545 redeundum
1743 515 1796 544 est
1828 508 1870 542 ad

263 579 417 613 reticula.
447 579 567 625 Itaque
584 589 712 621 venae,
743 590 828 624 quas
852 578 1040 625 proposui,
1058 590 1175 612 ramos
1197 578 1346 626 gignunt
1364 577 1555 624 plurimos⁷
1581 576 1639 623 qui
1658 575 1872 609 extrinsecus

262 645 352 677 versi
383 641 616 677 blastoderma
640 646 819 688 appetunt.
876 642 967 677 Sunt
997 648 1110 676 autem
1140 655 1313 677 ramorum
1338 642 1507 689 plurimae
1530 640 1794 688 conjunctiones
1821 643 1867 681 et,

261 715 299 743 ut
314 707 437 742 medici
456 707 595 750 dicunt,
620 712 857 741 anastomoses
880 706 993 752 tales,
1007 713 1047 741 ut
1065 708 1149 742 retis
1170 707 1282 742 forma
1298 706 1443 754 prodeat
1458 719 1559 754 quam
1582 718 1687 752 super
1707 704 1867 738 diximus.

262 774 420 820 Denique
442 773 529 806 rami
550 785 593 806 ex
613 784 682 805 una
704 784 792 806 vena
816 771 885 805 orti
906 771 943 805 in
964 785 1068 806 unam
1092 784 1215 806 venam
1244 771 1522 806 blastodermatis
1550 772 1678 805 intrare
1707 768 1871 802 videbam

261 844 329 872 tur.
386 837 507 885 (Conf.
536 836 599 884 fig.
628 834 685 884 5.)

424 901 563 937 Addam
596 900 884 947 praecedentibus
910 901 1077 936 nonnulla
1105 901 1210 950 digna
1240 901 1495 937 observatione.
1549 902 1604 935 Ac
1625 901 1773 948 primum
1797 900 1870 945 qni-

263 968 340 1002 dem
382 966 549 1001 mirabilis
583 978 745 1000 vasorum
784 967 960 1001 crassities
999 972 1069 1012 est,
1109 979 1197 1014 quae
1236 979 1308 1000 non
1339 966 1450 1000 solum
1478 966 1589 1001 oculis
1610 966 1780 1013 perspici,
1810 963 1871 998 sed

262 1034 363 1067 etiam
401 1032 502 1066 cultri
530 1036 564 1066 et
594 1031 738 1077 forcipis
777 1030 976 1077 adjumento
1009 1036 1158 1078 possunt
1195 1031 1371 1078 explicari.
1439 1032 1543 1065 Enim
1569 1043 1652 1065 vero
1693 1030 1871 1077 placentae

263 1097 433 1131 humanae
459 1109 498 1131 ea
518 1108 621 1140 vasa,
644 1107 732 1142 quae
749 1096 910 1129 extremis
931 1095 1059 1130 finibus
1075 1096 1226 1143 laqueos
1239 1096 1414 1141 formant,
1432 1109 1504 1130 non
1524 1096 1635 1130 solum
1651 1097 1725 1130 sine
1748 1095 1872 1141 optieis

263 1162 500 1196 instrumentis
517 1161 657 1194 minime
675 1165 861 1206 apparent,
879 1159 941 1194 sed
963 1160 1037 1195 fere
1060 1159 1294 1194 subtilissimis
1314 1160 1470 1207 partibus
1487 1160 1763 1195 atlnumerandae
1777 1164 1869 1203 sunt,

264 1239 349 1274 quas
368 1226 493 1261 medici
513 1224 768 1272 inquisiverint.
823 1225 996 1272 Eqpidem
1016 1237 1098 1259 vasa
1120 1225 1178 1259 illa
1201 1225 1379 1259 reticulata
1402 1238 1474 1259 non
1499 1225 1675 1260 dimensus
1696 1238 1784 1269 sum,
1810 1224 1872 1258 sed

263 1297 377 1326 tamen
402 1289 535 1337 capillis
559 1289 718 1323 humanis
742 1290 911 1324 crassiora
941 1303 981 1325 ea
1008 1291 1200 1337 putaverim
1229 1295 1269 1325 et⁴
1291 1289 1488 1338 ubicunque
1514 1290 1671 1324 locorum
1700 1289 1867 1337 aequalia.

426 1355 491 1390 Illa
525 1367 687 1389 vasorum
721 1354 886 1400 reticula,
923 1355 953 1388 si
982 1367 1086 1390 ovum
1118 1355 1183 1390 suh
1212 1368 1303 1403 aqua
1331 1355 1541 1400 dissecatur,
1580 1356 1677 1389 initio
1705 1355 1871 1401 optimum

264 1433 439 1469 quemque
457 1419 716 1454 observatorem
745 1419 867 1467 sugere
898 1426 1059 1466 possunt.
1114 1421 1215 1455 Licet
1240 1421 1332 1455 enim
1356 1421 1493 1456 vitellus
1518 1426 1695 1468 postremo
1716 1426 1871 1466 tempore

263 1486 380 1521 nullus
398 1485 455 1520 vel
467 1486 663 1519 rarissimus
685 1484 806 1519 saltem
827 1484 937 1530 adsit,
956 1490 1072 1520 tamen
1087 1491 1224 1533 praeter
1236 1485 1413 1532 vitellum,
1428 1488 1487 1534 qui
1505 1500 1617 1534 aquae
1632 1487 1666 1519 vi
1687 1490 1871 1519 concretus

263 1551 439 1595 videatur,
467 1549 556 1584 nihil
576 1549 739 1584 obvenit..
786 1549 961 1585 Videlicet
981 1563 1062 1585 vasa
1085 1550 1309 1585 reticulorum
1327 1552 1443 1585 omnia
1465 1550 1729 1586 flavescentibus
1751 1550 1871 1584 floccis

265 1615 487 1660 obsidentur,
518 1627 626 1662 quos,
656 1627 762 1662 quum
784 1619 963 1661 tantopere
989 1614 1167 1650 abundent
1185 1615 1350 1662 reticula,
1380 1617 1518 1664 spissati
1537 1621 1571 1651 et
1596 1616 1738 1650 ssoceosi
1762 1615 1870 1649 vitelli

264 1682 415 1728 speciem
451 1679 611 1714 simulare
643 1692 688 1714 ne
733 1691 905 1726 quaquam
939 1681 1066 1715 mirum
1101 1686 1165 1715 est.
1234 1681 1368 1716 Verum
1399 1687 1524 1717 tamen?
1546 1683 1689 1730 purgari
1723 1687 1869 1728 possunt

264 1759 364 1791 vasa,
394 1745 481 1780 adeo
507 1749 546 1779 ut
569 1744 674 1779 ruber
699 1744 798 1778 color
822 1745 858 1779 in
885 1751 1110 1793 conspectum
1136 1747 1274 1781 veniat„

427 1809 579 1844 Dubium
611 1822 683 1844 non
711 1815 782 1854 est,
821 1811 857 1844 in
884 1812 959 1845 ovis
985 1816 1069 1845 natu
1093 1810 1283 1858 majoribus
1309 1825 1390 1846 vasa
1417 1824 1600 1847 occurrere
1625 1812 1736 1847 libero
1764 1825 1867 1847 cursu

262 1876 418 1912 vitellum
443 1876 679 1922 pervagantia.
734 1875 833 1910 Licet
858 1881 982 1911 autem.
999 1876 1177 1922 dubitare,
1207 1877 1383 1924 quomodo
1409 1878 1445 1911 in
1471 1890 1573 1912 ovum
1600 1879 1737 1925 penitus
1762 1880 1867 1912 intra-

263 1943 395 1986 verint,
431 1946 547 1974 utrum
580 1940 817 1987 perforatione
843 1942 935 1976 sacci
961 1941 1116 1976 vitellum
1144 1942 1372 1987 continentis,
1403 1955 1448 1977 an
1481 1943 1759 1978 membranarum
1794 1942 1868 1990 ejus

262 2007 443 2055 plicatura.
498 2005 619 2052 ltaque
645 2004 687 2040 de
713 2005 948 2051 perforatione
974 1996 1202 2055 cogitassem,
1235 2008 1264 2042 si
1291 2007 1460 2056 quidquid
1484 2021 1646 2043 vasorum
1670 2009 1787 2044 vitello
1815 2010 1867 2043 in—

262 2076 416 2114 nataret,
456 2069 611 2104 radicum
650 2069 798 2104 formam
838 2077 1047 2117 praestaret,
1093 2073 1201 2107 acutis
1243 2072 1371 2107 finibus
1414 2075 1690 2109 terminatorum.
1759 2075 1868 2122 Atqui

261 2136 440 2172 reticulata
472 2139 525 2171 est
557 2147 718 2169 vasorum
752 2134 903 2182 fabrica,
940 2137 1034 2185 quod
1070 2151 1179 2185 genus
1213 2137 1345 2173 formae
1379 2138 1422 2173 ad
1455 2140 1727 2186 perforationem
1753 2141 1867 2174 minus
