2231 2762
807 162 970 169 ———
1056 137 1086 178 9

268 250 343 285 ovis
370 247 474 284 modo
501 248 609 296 partis
636 246 801 282 nodulum
827 245 959 291 inveni,
987 257 1029 280 ex
1046 244 1128 280 nido
1155 241 1434 279 blastodermatis
1459 241 1495 276 in
1511 239 1657 276 funiculi
1669 237 1875 274 umbilicalis

265 321 461 362 aperturam
483 315 736 362 prominentem
768 316 870 359 atque
902 323 944 345 cx
970 322 1046 345 mea
1072 311 1241 345 sententia
1277 307 1406 343 canalis
1433 307 1550 342 vitello
1583 305 1789 341 intestinalis
1816 317 1872 339 su-

265 382 456 428 perstitem.
511 379 660 415 Multum
686 384 798 411 autem
824 381 858 410 et
878 375 1068 410 anatomiae
1095 380 1129 409 et
1140 373 1379 422 physiologiae
1405 373 1549 408 interest
1574 374 1676 418 scire⁷
1705 383 1774 420 quo
1788 376 1873 405 tem-

264 457 349 492 pore
375 446 464 479 vitae
490 443 618 478 canalis
643 444 689 477 ita
716 441 994 488 constringatur,
1023 445 1063 474 ut
1087 451 1152 474 nec
1186 439 1241 473 ovi
1270 437 1314 472 ad
1339 437 1472 484 pullum
1505 437 1616 472 aditus
1641 438 1704 483 sit,
1734 449 1798 471 nec
1823 437 1873 470 vi-

263 509 336 544 telli
362 510 398 543 in
412 515 568 544 ventrem
595 506 791 542 destinandi
815 506 927 552 copia.
981 505 1064 540 Non
1089 517 1154 552 pro
1183 509 1278 539 certo
1306 502 1475 537 affirmare
1501 504 1624 548 ausim,
1652 503 1689 536 in
1715 500 1874 537 omnibus

265 576 339 609 ovis
365 574 408 608 ad
435 574 547 608 lucem
573 572 673 607 editis
701 571 849 606 deletum
880 570 1034 605 canalem
1069 568 1341 617 impeditumque
1373 567 1481 603 vitelli
1513 566 1557 602 ad
1581 567 1713 602 viscera
1736 579 1875 602 cursum

264 652 362 684 esse,
398 651 479 673 nam
507 650 595 685 quac
622 649 687 671 ova
713 637 952 670 recentissima
978 641 1077 670 erant
1103 640 1137 670 et
1161 636 1208 669 ita
1236 634 1428 681 composita
1454 638 1492 667 ut
1515 632 1751 669 hlastoderma
1777 631 1874 667 vitel«-

266 704 336 738 lum
363 716 406 739 ex
430 708 526 751 parte
540 708 674 736 tantum
691 701 892 746 obduceret,
922 713 962 735 ea
976 701 1086 734 rarius
1101 700 1145 734 ad
1157 713 1212 735 me
1240 699 1351 734 delata
1374 712 1495 746 parum
1517 704 1676 733 accurate
1697 698 1872 746 inquisivi.

427 768 582 803 Amnion
622 767 868 811 tenerrimum,
923 765 1067 799 densum
1113 765 1285 812 planeque
1335 763 1545 811 pellucidum
1580 765 1616 798 in
1656 764 1730 798 ovis
1776 762 1877 796 editis

259 834 331 882 jam
358 833 551 881 perfectum
578 838 643 868 est.
697 833 839 866 Format
865 835 978 865 autem
1005 829 1170 878 globum,
1199 831 1236 864 in
1263 830 1342 864 sinu
1365 828 1666 873 blastodermatis⁷
1696 828 1768 862 sive
1793 826 1876 861 nido

265 900 380 945 letus,
425 899 646 934 collocatum.
701 897 759 932 Ad
791 897 884 931 hunc
911 908 948 930 se
975 896 1088 929 sinum
1123 894 1273 942 adplicat
1299 900 1334 930 et
1358 893 1593 929 intercedente
1619 893 1688 928 tela
1713 892 1878 928 cellulosa

264 965 396 999 firmius
422 964 599 999 adhaeret.
655 963 772 1008 Quare
799 962 906 996 fetum
940 973 983 995 ex
1009 959 1091 994 nido
1119 959 1306 995 detracturi
1338 972 1476 1007 semper
1499 958 1556 994 vel
1582 958 1701 993 nidum
1725 957 1781 993 vel
1806 971 1877 992 am-

265 1031 347 1064 nion
373 1030 612 1064 laceraw'mus.
665 1026 779 1074 Hujus
807 1031 918 1060 autem
944 1025 1111 1073 postremi
1145 1038 1213 1059 una
1238 1037 1320 1072 pars
1344 1024 1454 1059 libera
1481 1029 1534 1059 est
1559 1036 1646 1072 quae
1673 1022 1717 1058 ad
1741 1028 1877 1070 apertu-

264 1107 338 1129 ram
372 1095 445 1128 nidi
480 1098 626 1141 spectat.
681 1093 750 1126 Per
784 1090 874 1124 hanc
900 1095 1034 1137 partem
1061 1090 1187 1135 amnii,
1231 1089 1326 1124 velut
1350 1103 1413 1136 per
1440 1090 1646 1134 fenestram,
1690 1089 1727 1122 in
1760 1088 1879 1123 nidmu

262 1160 480 1207 prospiciens
507 1158 616 1192 fetum
645 1156 771 1191 cernis.
827 1154 989 1189 Ceterum
1016 1153 1103 1188 nihil
1128 1158 1321 1188 memoratu
1348 1153 1503 1202 dignum.
1560 1153 1714 1188 Ohducit
1739 1155 1877 1190 amnion

263 1222 456 1259 funiculum
488 1221 739 1267 umbilicalem,
775 1225 809 1255 et
842 1233 947 1268 quum
982 1219 1025 1254 ad
1059 1219 1167 1255 fetum
1192 1219 1327 1255 venerit
1358 1219 1394 1252 in
1421 1218 1606 1253 cuticulam
1633 1218 1708 1266 ejus
1734 1221 1877 1256 tenerri-

262 1303 353 1325 mam
380 1289 514 1325 transit.

1006 1382 1134 1434 55.

735 1461 829 1501 De
894 1460 1403 1500 allantoide.

430 1560 639 1596 Allantoidis
667 1560 779 1594 forma
806 1557 992 1594 admodum
1017 1557 1192 1593 variabilis
1214 1563 1278 1593 est.
1332 1558 1434 1592 Hanc
1459 1555 1612 1592 breviter
1635 1562 1880 1605 persecuturus

268 1628 391 1672 fatear‚
421 1640 475 1662 me
490 1639 554 1662 nec
569 1627 719 1674 primum
745 1624 836 1658 illius
863 1624 1034 1672 originem
1061 1623 1278 1669 observasse,
1306 1635 1371 1658 nec
1385 1622 1541 1657 ultimum
1567 1622 1685 1658 finem.
1740 1623 1882 1659 Scilicet

266 1695 378 1741 prima
403 1691 598 1727 allantoidis
624 1692 836 1725 incrementa
861 1689 897 1722 in
923 1688 991 1723 hoc
1017 1694 1153 1736 tempus
1180 1688 1303 1723 cadere
1329 1687 1501 1733 videntur,
1531 1700 1602 1735 quo
1627 1697 1694 1722 'ova
1718 1687 1754 1723 in
1780 1694 1879 1724 utero

267 1759 400 1794 inclusa
427 1763 519 1792 sunt.
555 1755 701 1790 Ultimas
726 1766 808 1788 vero
835 1754 1042 1789 mutationes
1068 1766 1112 1788 ne
1138 1753 1304 1799 viderem,
1334 1765 1478 1787 ovorum
1503 1752 1681 1800 prohibuit
1704 1754 1876 1800 interitus,

268 1838 370 1873 quae,
397 1816 599 1871 priusquam
614 1819 701 1868 pulli
714 1818 994 1864 excluderentur,
1021 1819 1123 1854 tertio
1149 1831 1268 1854 mense
1293 1819 1483 1866 perierunt.
1538 1818 1665 1865 Incipit
1681 1831 1809 1867 uragus
1835 1819 1879 1854 ad

267 1890 374 1925 finem
399 1888 554 1923 intestini
579 1887 686 1930 recti,
728 1897 798 1933 quo
833 1884 927 1919 facto
961 1889 1040 1919 ante
1074 1897 1195 1919 versus
1230 1883 1422 1918 funiculum
1452 1882 1683 1918 umbilicalem
1709 1891 1875 1932 permeat.

268 1956 390 2002 ltaque
416 1953 460 1988 ad
485 1953 590 1987 finem
617 1950 762 1985 funiculi
787 1951 903 1994 venit,
939 1951 998 1997 qui
1025 1956 1077 1985 est
1101 1951 1138 1984 in
1163 1949 1282 1984 infima
1307 1949 1380 1983 nidi
1405 1955 1515 1997 parte.
1569 1949 1647 1983 Jam
1673 1962 1755 1984 vero
1782 1950 1879 1986 dese-

268 2033 350 2055 rens
377 2017 566 2053 funiculum
601 2016 731 2051 sensim
757 2014 964 2062 expanditur
990 2020 1036 2060 et,
1066 2016 1156 2050 inter
1181 2014 1322 2048 amnion
1348 2018 1450 2062 atque
1475 2013 1708 2048 blastoderma
1733 2027 1771 2050 se
1795 2016 1879 2050 insi-

269 2098 395 2129 nuans,
425 2097 467 2119 ex
481 2082 600 2117 infimo
616 2080 700 2116 nido
726 2081 837 2128 surg-it
857 2085 890 2114 et
903 2086 1097 2127 aperturam
1123 2079 1196 2115 nidi
1222 2079 1364 2126 appetit.
1417 2079 1577 2128 Denique
1593 2079 1710 2127 prodit
1723 2093 1765 2116 ex
1780 2094 1878 2129 aper-

268 2156 345 2186 tura
372 2155 406 2186 et
431 2150 467 2183 in
492 2160 630 2183 saccum
656 2145 771 2182 subito
799 2158 835 2181 se
861 2145 1022 2193 explieat.
1063 2147 1113 2180 At
1128 2158 1171 2180 ne
1197 2145 1275 2193 quis
1300 2149 1397 2192 putet
1422 2145 1458 2179 in
1471 2146 1536 2180 ista
1562 2145 1667 2180 amnii
1693 2157 1770 2181 cum
1795 2146 1878 2182 nido

1585 2211 1610 2236 0

1586 2235 1610 2246 u
