2231 2762
1077 121 1357 162 14——

303 231 426 265 arteria
449 232 564 261 nostra
592 223 646 268 et,
669 226 870 273 priusquam
898 226 1052 261 funiculo
1078 227 1268 262 umbilicali
1294 222 1484 274 inseratur⁹
1519 231 1676 268 similiter
1693 238 1795 280 atque
1812 240 1908 269 aorta

302 308 394 344 pone
415 296 548 339 vergat.
603 291 811 324 Persuasum
834 290 967 335 habeo,
986 293 1146 326 arteriam
1172 293 1459 340 praecedentibus
1474 302 1699 330 memoratam
1721 310 1796 331 eam
1817 310 1906 341 esse,

302 372 389 408 quac
411 359 447 391 in
471 354 598 389 adultis
622 355 828 389 animalibus
851 355 895 389 ad
916 357 1080 392 intestina
1102 359 1293 405 pertineat,
1322 358 1384 393 sed
1412 359 1590 394 fatendum
1605 367 1678 406 est,
1696 361 1829 396 nullum
1855 375 1909 397 me

301 435 453 471 unquam
472 432 607 454 ramum
627 419 776 465 vidisse,
806 421 865 467 qui
886 420 1119 469 conjecturam
1141 436 1252 458 meam
1281 423 1536 471 comprobaret.

466 485 627 531 Quorum
662 490 776 519 autem
807 498 971 520 vasorum
1000 499 1140 521 cursum
1162 489 1199 522 in
1226 488 1322 535 pullo
1346 491 1536 536 proposui,
1566 502 1685 525 eornm
1712 491 1799 526 alter
1830 491 1910 526 finis

302 556 478 600 superest,
508 551 568 598 qui
590 562 656 584 ovo
680 550 811 585 insidit.
876 551 1127 587 Inhaerescunt
1148 565 1230 587 vasa
1251 553 1632 600 omphalo-meseraica
1665 556 1747 591 nido
1780 556 1910 590 blasto-

303 617 487 661 dermatis,
510 614 554 649 ad
576 614 675 662 cujus
695 615 843 650 mediam
863 621 1018 663 partem,
1044 630 1131 665 quae
1150 618 1268 653 infima
1291 624 1363 664 est,
1381 619 1564 656 accedunt.
1618 622 1711 655 Hinc
1727 622 1763 655 in
1783 621 1911 655 multos

303 684 567 718 diffusarramos
594 679 750 727 undique
781 680 983 726 discedunt,
1018 694 1083 716 nec
1112 688 1245 717 tantum
1272 683 1391 718 nidum
1422 685 1579 731 plurimis
1610 687 1707 721 venis
1736 686 1912 735 eleganter

303 748 503 790 obducunt,
538 758 658 780 verum
683 745 774 779 ultra
801 745 874 779 nidi
902 752 1098 793 aperturam
1122 754 1312 796 propagata
1340 755 1450 783 totum
1468 750 1576 784 vitelli
1602 764 1741 785 saccum
1765 753 1910 785 circum-

305 812 474 848 scribunt.
552 811 702 858 Agimus
723 810 766 845 de
795 809 864 844 hoc
894 824 1021 858 genere
1056 824 1237 857 vasorum,
1274 814 1367 860 quod
1389 816 1428 848 in
1461 816 1573 861 primo
1606 817 1662 850 oxi
1698 818 1910 851 incremento

305 891 420 914 aream
461 876 642 910 constituit
684 875 915 909 vasculosam.
972 876 1071 921 Quae
1100 889 1183 911 area
1205 878 1241 910 in
1279 879 1354 911 ovis
1388 886 1547 914 recenter
1578 882 1687 927 partis
1720 893 1763 915 ex
1801 881 1910 915 tribus

305 942 413 978 vitelli
436 939 592 988 partibus
611 952 716 974 unam
737 939 874 973 videtur
898 939 1084 975 obducere.
1140 941 1308 976 Increscit
1328 948 1441 976 autem
1464 943 1633 979 celeriter.
1689 945 1806 990 Quum
1822 947 1912 980 enim

304 1008 407 1056 paulo
429 1010 510 1053 post
531 1010 669 1051 partum
691 1004 749 1037 ovi
769 1002 1004 1039 blastoderma
1018 1006 1178 1040 'vitellum
1198 1006 1365 1052 includit,
1392 1020 1491 1043 areae
1508 1010 1709 1044 vasculosae
1736 1010 1912 1057 paululum

305 1084 421 1108 morae
442 1076 513 1114 est,
544 1069 629 1116 quin
650 1073 762 1102 totum
792 1081 930 1103 saccum
953 1070 1061 1105 vitelli
1081 1072 1271 1106 innumeris
1292 1073 1390 1106 venis
1412 1072 1575 1108 obducat.
1636 1075 1760 1122 Neque
1780 1081 1913 1110 tantum

305 1144 446 1173 externa
465 1140 518 1170 est
536 1147 698 1168 vasorum
721 1133 859 1168 illorum
882 1133 1035 1180 fabrica,
1061 1135 1124 1170 sed
1148 1137 1286 1182 penitus
1310 1137 1347 1170 in
1370 1149 1436 1171 ovo
1459 1139 1541 1173 item
1564 1141 1787 1186 conspicitur.
1832 1141 1912 1174 Dis-

306 1209 402 1238 secto
424 1202 515 1236 enim
538 1198 820 1234 blastodermatis
848 1211 970 1244 sa000‚
999 1206 1203 1248 remotoque
1231 1201 1312 1236 inde
1333 1202 1452 1237 vitello
1470 1228 1480 1248 ,
1502 1203 1612 1250 plicae
1635 1203 1913 1239 blastodermatis

307 1268 505 1315 prominent
521 1264 729 1312 sanguiferis
745 1264 837 1298 vasis
855 1263 1079 1311 aliquomodo
1102 1271 1313 1312 praetextae.
1344 1267 1486 1302 Scilicet
1506 1281 1588 1302 vasa
1602 1270 1637 1302 in
1654 1271 1797 1304 slunmis
1812 1270 1912 1317 plicis

306 1333 377 1367 vidi
407 1331 614 1365 discurrere.
677 1329 777 1374 Quae
808 1329 973 1376 quamdiu
999 1330 1303 1378 deprehenduntur
1334 1330 1434 1380 (nam
1468 1334 1504 1366 in
1536 1334 1611 1368 ovis
1639 1347 1761 1369 recens
1791 1336 1939 1382 positis,

309 1397 395 1432 nihil
413 1400 593 1443 praeterea
616 1406 779 1428 vasorum
800 1394 966 1444 vidimus)
990 1395 1032 1430 de
1060 1408 1164 1430 cursu
1185 1409 1351 1431 venarum
1377 1409 1505 1444 anceps
1525 1400 1680 1445 quaestio
1698 1406 1762 1433 est.
1816 1400 1913 1434 Haec

307 1476 389 1498 num
402 1461 579 1509 perforato
596 1458 865 1494 blastodermate
889 1460 1007 1494 vitello
1030 1461 1199 1505 innatcnt,
1226 1474 1269 1494 an
1289 1461 1389 1508 plicis
1405 1461 1478 1509 ejus
1499 1462 1677 1498 obvelatae
1701 1465 1913 1499 extrinsecus

308 1532 508 1569 versentur,
536 1525 572 1557 in
601 1528 695 1557 tauta
720 1523 999 1558 membranarum
1029 1526 1213 1570 tenuitate,
1243 1538 1330 1572 quae
1366 1527 1544 1572 perlucere
1573 1530 1778 1576 sanguinem
1808 1531 1910 1573 sinat,

308 1606 372 1640 pro
399 1597 496 1626 certo
522 1588 684 1623 affirmari
712 1589 844 1636 nequit.
901 1589 1030 1623 Contra
1053 1601 1197 1623 ovorum
1221 1589 1295 1637 jam
1324 1590 1383 1624 diu
1404 1593 1597 1638 positorum
1627 1594 1705 1627 talis
1733 1596 1821 1629 ratio
1846 1601 1911 1639 est,

308 1663 348 1693 ut
370 1657 444 1692 fere
470 1654 603 1690 nullum
637 1654 788 1701 supersit
818 1653 861 1688 de
898 1655 990 1688 vasis
1016 1653 1170 1688 dubium.
1230 1656 1365 1702 Aperto
1394 1658 1484 1691 enim
1513 1670 1614 1692 sacco
1638 1657 1915 1695 blastodermatis

308 1735 417 1758 venae
450 1719 711 1766 conspiciuntur
737 1719 958 1764 innumerae,
988 1732 1075 1767 quae
1107 1732 1179 1754 non
1206 1719 1416 1759 membranis
1454 1723 1545 1756 sacci
1574 1724 1815 1769 continentur,
1855 1726 1916 1760 sed

308 1788 420 1823 libero
442 1797 546 1820 cursu
566 1785 863 1830 circumvagantes
884 1785 997 1830 ipsum
1030 1784 1186 1819 vitellum
1211 1790 1405 1832 penetrant.
1469 1786 1533 1820 Illa
1565 1793 1678 1822 autem
1705 1790 1822 1825 vitello
1851 1792 1914 1825 im-

309 1864 424 1887 mersa
456 1862 539 1884 vasa
578 1860 691 1895 neque
712 1846 876 1881 arborum
900 1849 1009 1883 instar
1031 1849 1165 1884 radices
1179 1851 1407 1896 promittunt,
1427 1864 1539 1898 neque
1558 1853 1739 1898 promissis
1753 1855 1790 1888 in
1812 1867 1915 1890 ovum

310 1918 415 1952 ramis
449 1916 560 1962 iisque
590 1912 704 1947 denuo
735 1914 884 1960 receptis
909 1913 1052 1961 laqueos
1076 1914 1247 1960 formant,
1280 1915 1316 1948 id
1341 1915 1435 1963 quod
1463 1915 1505 1950 de
1535 1918 1627 1951 vasis
1652 1917 1831 1964 placentae
1854 1922 1915 1955 im-

311 1982 426 2016 missis
450 1978 575 2014 medici
600 1978 827 2025 praecipiunt.
884 1978 990 2024 Quod
1012 1992 1123 2027 genus
1145 1992 1305 2014 vasorum
1331 1981 1484 2016 vitellum
1504 1982 1630 2027 intrat,
1657 1984 1740 2018 retis
1768 1984 1914 2020 sormam

311 2045 440 2081 habere
466 2043 707 2091 cognovimus.
768 2043 926 2077 Reticula
954 2049 1066 2078 autem
1098 2044 1164 2078 ista
1191 2045 1281 2080 inter
1313 2045 1378 2079 dua
1401 2059 1487 2080 *vasa
1513 2052 1604 2081 texta
1635 2053 1738 2096 atque
1765 2063 1915 2097 expansa

312 2117 403 2147 sunt.
466 2110 588 2156 ltaque
619 2120 757 2142 saccum
783 2107 891 2142 vitelli
923 2109 951 2143 si
976 2110 1110 2156 aperis,
1149 2122 1254 2144 venas
1288 2111 1442 2146 invenies
1479 2111 1623 2160 longas,
1648 2113 1775 2149 liberas
1804 2120 1838 2149 et
1869 2116 1914 2149 si-
