2251 2808
415 691 496 731 DE
529 690 816 732 COLUBRI
846 690 1157 732 NATRICIS
1188 690 1691 733 GENERATIONE.

1014 928 1097 978 gi.

579 1014 648 1053 De
679 1016 980 1067 quaestionis
1007 1016 1297 1067 propositae
1324 1013 1532 1067 fin-ibus.

260 1120 434 1183 Imposita
460 1133 545 1169 mihi
569 1133 744 1168 scribendi
762 1135 985 1179 necessitate,
1015 1133 1114 1168 edam
1133 1134 1317 1169 nonnullas
1337 1134 1378 1169 de
1401 1134 1623 1169 colubrorum
1643 1135 1864 1182 geum-allone

260 1201 543 1245 observationes,
563 1205 648 1247 quas
673 1200 829 1247 quamvis
847 1198 1088 1247 imperfectas,
1106 1204 1221 1234 tamen
1237 1200 1311 1247 ipsa
1327 1200 1378 1234 rei
1398 1199 1563 1247 dignitate
1589 1198 1866 1234 commendatum

260 1266 303 1300 iri
329 1265 501 1300 existimo.
566 1264 663 1310 Quae
687 1264 948 1299 observationes
978 1263 1076 1312 cujus
1107 1264 1244 1313 generis
1270 1264 1361 1309 sint,
1395 1263 1548 1312 quidque
1574 1264 1629 1299 vel
1659 1265 1742 1298 satis
1773 1277 1866 1298 com-

262 1328 446 1378 probatum
470 1329 532 1373 iis,
560 1329 616 1363 vel
644 1329 798 1364 nondum
825 1335 918 1365 recte
943 1335 1078 1365 erutum
1095 1331 1159 1375 sit,
1187 1331 1337 1378 ingenue
1359 1329 1507 1365 fatebor.
1573 1328 1671 1365 Nihil
1687 1342 1741 1364 me
1761 1330 1867 1376 impe-

263 1395 349 1429 divit
371 1394 504 1430 fetuum
532 1393 815 1429 dissecandorum
849 1396 991 1441 raritas,
1032 1408 1139 1443 quae,
1173 1395 1464 1443 frequentissimis
1495 1394 1586 1442 apud
1614 1407 1678 1429 nos
1702 1393 1867 1439 colubris,

263 1459 357 1495 nulla
396 1464 481 1494 erat.
562 1459 636 1494 Imo
666 1459 851 1495 dissecanti
879 1460 965 1495 mihi
992 1461 1173 1495 innumera
1203 1460 1306 1495 allata
1335 1466 1415 1496 sunt
1448 1473 1513 1495 ova
1542 1459 1785 1505 colubrorum,
1824 1460 1870 1494 ita

265 1531 305 1560 ut
326 1538 400 1560 rem
425 1524 598 1559 difficilem
621 1530 655 1560 et
683 1524 845 1560 subtilem
881 1531 1029 1561 tractare
1068 1538 1108 1560 ac
1137 1531 1323 1561 retractare
1351 1524 1394 1560 ad
1422 1525 1557 1560 libitum
1580 1538 1732 1572 possem.
1801 1523 1872 1559 Sed

267 1591 414 1625 maxime
436 1589 521 1623 mihi
545 1589 679 1624 obstitit
700 1602 845 1626 ovorum
866 1597 979 1637 aetas,
1005 1603 1093 1639 quae
1112 1590 1208 1638 justo
1231 1591 1429 1638 provectior
1452 1596 1555 1625 esset.
1617 1591 1750 1638 Nempe
1780 1589 1873 1624 nulla

270 1657 388 1703 accepi
411 1667 477 1690 ova
500 1667 543 1689 ex
570 1655 688 1688 matris
711 1661 830 1691 ventre
853 1657 990 1702 excisa,
1028 1669 1115 1704 quae
1139 1662 1254 1691 tamen
1281 1656 1356 1703 ipsa
1380 1656 1487 1690 sctum
1508 1655 1580 1703 jam
1605 1661 1677 1690 tum
1708 1656 1874 1702 temporis

271 1719 530 1756 memorabilem
561 1720 752 1755 continent.
818 1720 945 1756 Nullos
975 1721 1135 1769 equidem
1159 1720 1317 1769 juniores
1350 1720 1440 1755 fetus
1475 1720 1644 1767 dissecui,
1683 1734 1785 1768 quam
1817 1722 1876 1768 qui

272 1788 347 1821 ovis
368 1791 526 1821 recenter
544 1785 668 1831 positis
684 1786 858 1831 inessent,
885 1799 990 1834 quare
1007 1786 1217 1821 diversarum
1235 1786 1381 1833 partium
1396 1786 1606 1821 incrementa
1629 1800 1735 1834 quum
1750 1786 1876 1821 exami-

272 1864 412 1896 narem,
441 1863 506 1886 nec
531 1851 681 1898 primum
705 1863 825 1885 eorum
855 1851 1034 1886 exordium
1063 1852 1255 1900 inspicere,
1285 1864 1350 1886 nce
1375 1851 1463 1885 ultra
1484 1858 1598 1886 certos
1621 1852 1708 1887 fines
1731 1851 1877 1886 transire

273 1917 384 1964 potui.
456 1916 556 1951 Sicut
583 1921 696 1950 autem
725 1916 859 1951 initium
882 1918 1116 1965 generationis
1144 1930 1215 1952 non
1241 1916 1331 1961 vidi,
1357 1917 1404 1951 ita
1435 1930 1478 1952 ne
1505 1917 1609 1952 finem
1639 1917 1777 1965 quidem
1806 1916 1880 1964 ejus

275 1981 433 2016 ultimum
456 1980 650 2015 observavi.
714 1980 856 2017 Scilicet
884 1982 999 2029 pullos
1023 1996 1064 2017 ex
1088 1983 1162 2017 ovis
1186 1981 1408 2016 commodum
1433 1982 1592 2017 exclusos
1618 1996 1688 2017 non
1715 1982 1876 2017 dissecui.

278 2047 392 2093 Quam
415 2059 488 2081 rem
510 2059 553 2080 ne
576 2046 654 2093 quis
674 2046 777 2081 nimis
800 2048 918 2095 magni
948 2048 1115 2082 momenti
1140 2047 1283 2092 habeat,
1321 2047 1531 2082 monendum
1568 2053 1638 2093 cst,
1679 2047 1793 2095 pullos
1826 2060 1879 2082 me

278 2112 492 2147 examinasse
520 2110 738 2158 hujusmodi,
772 2113 830 2159 qui
869 2117 903 2147 et
932 2113 1079 2147 formam
1109 2118 1143 2147 et
1165 2112 1318 2147 colorem
1341 2113 1532 2148 naturalem
1559 2126 1640 2160 prae
1667 2126 1704 2148 se
1735 2113 1878 2158 ferrent,

279 2183 332 2222 et,
358 2190 400 2212 ex
421 2178 496 2211 ovis
521 2176 686 2222 detracti,
714 2179 826 2212 omnis
846 2179 984 2225 generis
1007 2183 1141 2221 motus,
1169 2191 1239 2212 non
1264 2177 1366 2225 plane
1389 2178 1512 2224 rudes.)
1542 2179 1814 2213 manifestarent.

1590 2243 1642 2279 ,1-
