2231 2762
801 178 964 184 ...-
1022 154 1077 195 19
1141 179 1303 184 w-

239 255 382 292 branam
409 258 584 306 sequitur,
613 259 758 295 alterum
784 273 888 305 vero,
918 260 1040 296 dextro
1063 260 1170 296 latere
1197 265 1332 305 ortum,
1370 271 1440 294 non
1467 273 1568 296 secus
1603 267 1706 308 atque
1738 272 1845 295 venae

237 321 442 357 umbilicalis
469 325 640 360 secimdus
665 338 801 371 ramus,
825 327 861 360 in
883 325 989 360 altum
1011 326 1167 361 ascendit
1187 332 1242 371 et,
1259 325 1409 362 medium
1426 339 1488 374 per
1508 338 1630 360 cavum
1646 337 1843 373 permeanS,

234 386 454 424 membranae
480 389 675 425 allantoiclis
701 396 861 426 externae
886 391 1107 426 inhaerescit.

398 454 557 488 Diximus
596 454 638 490 de
678 456 720 490 iis
752 456 864 499 vasis,
912 468 1000 503 quae
1032 469 1052 490 a
1086 461 1181 491 certo
1226 469 1330 491 cursu
1370 462 1502 492 eertum
1535 469 1662 491 nomen
1696 455 1840 490 habent.

235 514 402 563 Superest
427 531 467 553 ea
493 524 531 553 ut
555 532 806 566 memoremus,
843 533 951 568 quae,
981 522 1137 569 quamvis
1165 522 1239 556 sine
1265 523 1405 557 nomine
1439 527 1540 566 sunt,
1569 528 1685 556 tamen
1711 520 1841 568 aliquid

232 579 363 615 babent
388 589 579 618 memoratu
608 584 765 633 dignum.
819 585 982 620 Vidimus
1009 592 1123 621 autem
1150 586 1370 622 membranas
1403 587 1599 622 allantoidis
1632 599 1703 621 non
1729 586 1841 620 solum

233 644 369 681 duobus
395 648 430 681 in
457 647 564 694 loeis,
593 650 654 697 qui
679 651 849 697 propositi
873 656 973 697 sunt,
1002 651 1192 698 majoribus
1218 654 1310 688 vasis
1336 652 1559 701 conjunctas,
1595 665 1714 688 verum
1741 652 1842 686 etiam

231 711 471 747 minutissimis
498 714 540 748 iis
565 716 696 761 passim
731 716 923 763 copulatas.
989 716 1088 762 Quae
1123 731 1205 752 vasa
1239 718 1338 765 cujus
1373 720 1511 767 generis
1553 723 1689 763 essent,
1726 722 1842 751 utrum

230 777 374 811 arteriae
401 790 445 812 an
470 791 599 824 venae,
630 779 754 816 deinde
781 795 885 829 quem
912 794 1050 816 cursum
1076 787 1325 830 sequerentur,
1353 790 1469 818 utrum
1495 783 1538 818 ab
1565 785 1701 818 interna
1734 795 1843 817 mem-

227 838 336 875 brana
362 841 406 876 ad
432 848 630 890 externam,
665 858 710 880 an
744 847 883 881 inverso
908 846 1036 892 modo,
1065 848 1206 883 minime
1238 850 1414 896 perspexi.
1478 849 1568 884 Sunt
1600 849 1703 883 etiam
1734 860 1841 895 parva

227 917 309 939 vasa
336 906 380 940 ad
406 907 687 956 conjunctionem
714 910 912 946 allantoidis
938 925 1017 947 cum
1042 912 1310 949 blastodermate
1336 919 1515 962 prompta,
1552 927 1672 949 verum
1699 926 1742 948 ex
1774 925 1841 960 qua

227 972 375 1007 maxime
400 979 498 1020 parte
523 976 663 1010 veniant
690 981 725 1011 et
750 976 794 1011 ad
820 990 924 1024 quam
949 983 1117 1025 pergant,
1146 979 1228 1014 lieet
1252 980 1365 1014 adhuc
1395 979 1566 1014 dubitare.

391 1038 474 1073 Non
509 1052 585 1075 sum
617 1041 776 1086 nescius,
812 1042 888 1077 fore
922 1048 960 1077 ut
986 1057 1082 1079 meae
1118 1044 1160 1080 de
1186 1046 1278 1080 vasis
1313 1045 1573 1081 observationes
1608 1058 1628 1079 a
1661 1043 1778 1079 multis
1803 1044 1840 1077 in

228 1099 370 1135 dubium
397 1110 577 1139 vocentur.
632 1106 723 1141 Nam
750 1106 845 1153 quod
870 1106 913 1141 de
939 1108 1049 1143 libero
1075 1122 1237 1144 vasorum
1270 1123 1375 1145 cursu
1407 1111 1594 1159 proposui,
1626 1110 1700 1145 sola
1733 1122 1773 1144 ea
1805 1114 1840 1143 et

226 1165 301 1200 sine
336 1165 544 1204 adminiculo
577 1183 641 1217 per
674 1183 798 1205 cavum
832 1171 1029 1206 allantoidis
1062 1174 1212 1222 migrare
1239 1174 1378 1221 dicens,
1407 1176 1443 1210 id
1470 1189 1552 1211 sane
1577 1177 1690 1223 primo
1717 1174 1840 1209 obtutu

227 1234 262 1264 et
276 1231 400 1265 mirum
419 1238 453 1266 et
470 1233 700 1281 improbabile
726 1235 874 1271 videtur.
903 1238 969 1272 Est
982 1242 1096 1273 autem
1122 1241 1236 1275 omnis
1262 1240 1445 1275 difficultas
1470 1242 1506 1275 in
1522 1241 1658 1289 origine
1678 1252 1841 1277 vasorum

224 1295 358 1341 posita,
395 1310 483 1345 quae
509 1299 603 1334 nulla
627 1306 810 1347 praesente
835 1315 949 1351 neque
982 1303 1184 1340 membrana
1216 1319 1329 1354 neque
1362 1306 1569 1352 caruncula,
1606 1295 1696 1354 (ῙιιίῐιΙῖ
1721 1304 1837 1340 medio

224 1360 260 1394 iu
294 1373 379 1396 cavo
412 1368 447 1397 et
477 1376 587 1411 paene
620 1366 714 1400 inani
746 1368 858 1414 spatio
897 1374 1146 1416 procreentur,
1185 1377 1280 1406 recte
1319 1371 1506 1407 dubitatur.
1588 1372 1698 1419 Atqui
1737 1384 1834 1416 vasa,

224 1427 380 1472 quamvis
406 1427 535 1475 libera,
565 1430 602 1464 in
627 1430 825 1467 allantoidis
850 1433 1051 1469 membrana
1078 1437 1249 1484 originem
1277 1438 1428 1484 capiunt.
1483 1438 1594 1486 Igitur
1627 1437 1722 1471 nulla
1749 1436 1835 1470 diffl-

222 1490 331 1526 cultas
357 1493 393 1526 in
420 1495 555 1543 origine
581 1497 791 1543 quaerenda.
829 1498 971 1534 Scilicet
992 1499 1176 1546 allantois,
1206 1515 1311 1549 quum
1336 1504 1486 1550 primum
1506 1502 1644 1550 prodit,
1675 1502 1836 1536 saeculus

222 1561 299 1601 est,
341 1559 400 1605 qui
441 1561 655 1595 extrinsecus
690 1574 828 1598 crenam
858 1564 1188 1612 profundissimam,
1225 1568 1318 1602 intus
1350 1581 1434 1603 vero
1466 1569 1554 1602 satis
1579 1569 1835 1615 prominentem

221 1621 348 1668 plicam
375 1623 493 1659 habet.
549 1626 629 1671 Quo
651 1626 711 1673 fit,
740 1633 779 1662 ut
798 1629 957 1664 allantois
980 1631 1079 1678 quasi
1109 1630 1264 1666 bicornis
1286 1634 1342 1668 sit.
1396 1635 1474 1668 Jam
1495 1646 1579 1669 vero
1604 1635 1634 1668 si
1663 1646 1766 1668 ovum
1787 1634 1834 1668 ita

220 1686 432 1734 collocatur,
459 1695 497 1724 ut
517 1691 690 1737 pellucida
712 1692 786 1740 ejus
813 1695 965 1730 fenestra
986 1709 1134 1744 superne
1157 1698 1220 1743 sit,
1247 1698 1339 1745 plica
1356 1712 1460 1747 supra
1481 1704 1670 1734 memorata
1691 1699 1736 1733 ad
1756 1712 1834 1746 per-

218 1752 440 1798 pendiculum
463 1756 619 1791 ascendit
640 1763 675 1792 et
692 1759 862 1794 internam
886 1760 1082 1796 allantoidis
1106 1762 1341 1798 membranam
1369 1777 1448 1799 cum
1471 1770 1612 1800 externa
1635 1764 1829 1813 conjungit.

219 1817 321 1852 Hanc
353 1825 466 1854 autem
496 1821 646 1868 plicam,
678 1823 738 1858 ubi
770 1825 921 1860 medium
953 1827 991 1860 in
1019 1840 1158 1862 saccum
1189 1829 1390 1877 projicitur,
1422 1843 1504 1865 vasa
1535 1837 1707 1878 occupant
1732 1844 1831 1878 prae-

219 1882 422 1918 cedentibus
458 1885 651 1934 descripta,
683 1888 816 1924 scilieet
843 1904 952 1928 venae
981 1892 1188 1928 umbilicalis
1222 1908 1339 1930 ramus
1370 1902 1532 1931 externus
1565 1902 1670 1944 atque
1707 1898 1832 1932 arteria

217 1947 424 1984 umhiliealis
466 1950 598 1986 dextra.
667 1953 761 1999 Quid
801 1956 906 1991 inde?
971 1958 1147 1994 Videlicet
1178 1960 1269 2007 plica
1303 1961 1522 1997 festinantius
1556 1975 1592 1997 se
1629 1962 1830 2010 recipiendo

215 2018 325 2048 mutat
350 2014 485 2061 locum,
514 2030 596 2052 vasa
622 2031 725 2064 ver0,
767 2025 931 2070 tanquam
962 2022 1126 2059 derelicta
1162 2038 1181 2059 a
1211 2026 1421 2062 membranis
1443 2029 1534 2073 suis,
1567 2027 1654 2062 nihil
1681 2034 1826 2064 mutant.

217 2078 338 2126 Itaque
364 2093 432 2115 una
455 2082 541 2116 mira
563 2088 616 2117 est
637 2097 797 2121 vasorum
824 2100 842 2121 a
868 2086 1079 2124 membranis
1108 2092 1180 2125 suis
1203 2093 1393 2138 separatio,
1430 2106 1518 2140 quae
1550 2098 1663 2128 tamen
1689 2095 1829 2128 minime

214 2143 365 2179 inaudita
392 2158 510 2181 eorum
531 2149 619 2182 ratio
643 2155 707 2184 est.

1518 2224 1568 2237 ν.

1515 2238 1540 2259 Ο
