2231 2762
1098 132 1377 177 12———-

486 245 528 279 In
554 243 702 278 minimis
723 241 970 291 embryonibus
992 255 1079 278 vena
1106 242 1471 290 omplialo-meseraica
1488 243 1717 291 principatum
1734 244 1925 291 obtinebat,

323 312 359 344 in
386 308 574 356 majoribus
599 321 687 343 vena
712 307 933 342 umbilicalis.
990 308 1089 354 Quae
1114 320 1171 342 res
1196 306 1283 341 nihil
1308 308 1433 342 mirum
1459 308 1584 354 habet,
1620 309 1810 344 umbilicali
1841 323 1928 345 vena

323 375 432 410 serius
465 378 642 408 nascente.
706 372 1007 419 Quemadmodum
1040 374 1131 408 enim
1164 372 1385 408 allantoidem
1411 373 1601 421 projectam
1626 375 1779 409 intestini
1798 380 1931 423 partem

322 439 512 484 hahemus,
559 451 646 486 quae
693 451 765 473 non
802 439 869 473 nisi
910 438 984 473 fetu
1019 437 1092 485 jam
1131 438 1351 473 mediocriter
1391 438 1540 474 formato
1576 439 1715 487 prodit,
1757 441 1805 474 ita
1844 452 1931 474 vena

324 517 463 553 quoque
485 503 692 538 umbilicalis
724 516 767 538 ex
799 503 985 538 allantoide
1012 508 1087 537 orta
1126 508 1199 537 tum
1231 503 1369 538 demum
1394 504 1532 551 prodit,
1563 518 1667 553 quum
1704 505 1795 540 fetus
1825 517 1933 539 venae

324 569 726 617 omphalo-meseraicae
754 581 819 616 ope
845 569 957 615 prima
982 569 1190 603 nutrimenta
1218 569 1401 615 acceperit.
1456 570 1576 618 Itaque
1589 575 1799 617 postremam
1827 583 1934 617 quum

324 647 545 683 quaererem,
574 633 645 668 vidi
673 646 748 668 eam
769 647 812 668 ex
830 633 986 668 funiculo
1012 632 1201 667 umbilicali
1228 634 1421 668 venientem
1439 636 1617 682 proximae
1641 637 1751 683 parti,
1766 634 1929 682 jecinori,

323 701 442 735 inseri.
505 700 591 734 Erat
625 704 738 734 autem
766 699 981 733 semicanalis
998 700 1033 732 in
1054 711 1215 746 supremo
1237 698 1406 746 jecinoris
1431 699 1538 734 latere
1562 701 1710 748 positus,
1729 701 1764 734 in
1783 713 1852 748 quo
1875 699 1933 734 de—

325 777 467 800 currens
493 777 581 800 vena
607 769 686 799 ante
711 763 891 812 pergebat.
906 762 934 812 *)
987 764 1029 798 In
1055 765 1168 798 antica
1194 763 1328 811 hepatis
1354 770 1452 811 parte
1477 778 1642 800 venarum
1670 765 1812 799 duarum
1842 764 1933 799 facta

325 836 378 866 est
404 829 625 877 conjunctio,
663 829 710 863 ita
742 833 781 862 ut
807 828 964 877 singulae
991 842 1078 876 quae
1102 834 1342 874 accesserunt,
1368 829 1529 864 videlicet
1554 830 1934 877 omphalo-mcseraica

325 909 414 932 vena
446 896 480 930 et
506 893 735 939 umbilicalis,
767 906 859 927 nunc
883 892 1071 940 conjuncto
1097 895 1284 941 sanguine,
1314 893 1411 927 cordi
1435 906 1472 928 se
1493 895 1658 928 inserant.
1723 895 1827 940 Quod
1849 896 1878 929 si
1900 896 1935 928 in

326 962 477 997 minimis
493 958 742 1006 emhryonibus
751 959 837 991 meis
852 957 1047 1003 observavi,
1060 963 1188 1003 tamen,
1205 971 1248 992 ne
1263 959 1373 1005 prima
1389 971 1550 993 vasorum
1564 964 1737 994 structura
1751 960 1932 1005 habeatur,

328 1025 517 1061 cavendum
540 1036 616 1058 esse
631 1022 746 1057 video.
776 1023 866 1058 Nam
890 1035 996 1070 quum
1016 1036 1105 1057 vena
1122 1022 1329 1057 umbilicalis
1352 1036 1392 1058 ex
1417 1023 1603 1059 allantoide
1629 1025 1799 1072 originem
1819 1024 1934 1069 ducat,

328 1103 415 1139 quae
437 1091 511 1137 ipsa
535 1094 608 1124 tum
630 1088 768 1123 demum
790 1088 919 1132 oritur,
940 1101 1047 1135 quum
1073 1088 1230 1122 formatis
1258 1089 1430 1123 intestinis
1457 1089 1601 1136 aliisque
1625 1089 1781 1136 partibus
1803 1090 1933 1135 multis,

329 1156 506 1203 sanguinis
533 1167 654 1189 cursus
676 1166 718 1188 ex
737 1152 856 1187 vitello
880 1152 924 1186 ad
944 1152 1052 1187 fetum
1075 1153 1336 1200 copiosissimus
1359 1155 1605 1200 praecesserit,
1634 1156 1830 1189 necessario
1853 1168 1935 1189 con-

329 1221 504 1269 sequitur,
526 1232 649 1254 venam
671 1217 1089 1265 omphalo·meseraicam
1110 1231 1173 1264 per
1187 1217 1329 1265 aliquod
1352 1223 1487 1265 tempus
1510 1224 1544 1253 et
1559 1220 1738 1267 sanguinis
1754 1219 1936 1255 adfluentis

329 1286 443 1322 solum
468 1284 734 1329 adminiculum,
753 1288 788 1318 et
806 1296 914 1317 unum
929 1283 1083 1318 canalem
1097 1283 1204 1317 fuisse
1218 1295 1295 1317 cum
1322 1282 1443 1317 dextro
1462 1283 1576 1318 cordis
1592 1285 1679 1318 atrio
1699 1286 1933 1320 commissum.

330 1349 466 1386 Deinde
488 1362 575 1384 vena
600 1348 806 1383 umbilicalis
830 1349 961 1394 oritur,
987 1361 1074 1396 quae
1097 1349 1186 1382 sicut
1198 1348 1292 1382 rivus
1307 1349 1343 1382 in
1359 1348 1509 1394 flumen,
1535 1350 1584 1383 sic
1598 1362 1704 1396 parva
1722 1351 1758 1384 in
1776 1363 1937 1399 magnam

329 1428 453 1451 venam
476 1414 675 1449 effunditur.
736 1413 786 1448 At
811 1426 854 1448 ne
883 1413 969 1448 haec
991 1413 1130 1461 quidem
1158 1425 1319 1447 vasorum
1343 1414 1430 1447 ratio
1458 1413 1518 1448 diu
1544 1420 1673 1449 manet.
1736 1415 1825 1450 Nam
1851 1429 1938 1463 quae

329 1494 411 1529 pars
436 1492 544 1515 venae
569 1477 971 1525 omphale—meseraicae
994 1484 1073 1513 ante
1096 1479 1333 1513 anastomosin
1354 1491 1519 1513 venarum
1538 1480 1651 1526 posita
1674 1485 1745 1525 est,
1772 1493 1810 1515 ea
1827 1482 1938 1517 indies

331 1550 547 1590 coarctatur,
577 1548 696 1578 contra
722 1542 929 1577 umbilicalis
963 1556 1051 1578 vena
1081 1548 1239 1591 augetur.
1305 1543 1468 1589 Quofit,
1491 1549 1528 1578 ut
1552 1543 1643 1578 hanc
1671 1557 1813 1590 venam,
1848 1560 1936 1594 quae

331 1616 441 1646 aetate
460 1609 572 1657 major
589 1613 662 1653 est,
685 1609 721 1642 in
744 1621 818 1643 eam
841 1613 961 1655 putes,
996 1614 1160 1656 tanquam
1187 1610 1223 1643 in
1248 1608 1475 1656 principalem
1500 1621 1655 1654 ramum,
1685 1622 1722 1644 se
1747 1611 1935 1658 insinuare,

332 1689 419 1725 quae
439 1676 559 1723 utique
584 1672 787 1709 secundaria
813 1678 878 1708 est.
940 1673 1036 1719 Quid
1071 1679 1185 1708 autem
1217 1680 1269 1709 est
1301 1673 1396 1722 quod
1427 1678 1612 1708 coercetur
1638 1688 1725 1710 vena
1759 1676 1937 1724 omphalo-

332 1739 543 1776 meseraica?
593 1739 728 1785 Nempe
765 1739 964 1772 immutatur
996 1740 1174 1786 sanguinis
1208 1752 1251 1774 ex
1282 1739 1402 1774 vitello
1430 1751 1577 1784 cursus,
1604 1741 1663 1787 qui
1693 1753 1765 1775 non
1792 1742 1939 1790 amplius

335 1806 448 1841 omnis
474 1803 573 1839 cordi
598 1803 801 1848 adducitur,
830 1802 892 1838 sed
916 1804 1041 1851 partim
1066 1816 1129 1850 per
1151 1803 1253 1851 jecur
1279 1803 1495 1838 diffunditur.
1551 1804 1667 1850 Quare
1700 1818 1783 1841 vasa
1816 1807 1942 1844 adsunt

333 1870 582 1914 minutissima,
618 1880 706 1916 quae
739 1881 781 1903 ex
807 1881 893 1903 vena
927 1868 1309 1916 omphalo-meseraica
1335 1869 1488 1917 undique
1514 1870 1723 1917 proveniunt
1756 1873 1848 1907 etin
1879 1874 1938 1909 he-

415 2058 441 2097 '')
498 2057 532 2087 In
551 2056 746 2086 describendo
761 2057 878 2086 colubri
892 2067 1019 2096 corpore
1039 2058 1064 2086 si
1084 2058 1157 2098 quid
1177 2068 1350 2097 supremum
1369 2058 1449 2093 dieo,
1469 2057 1580 2096 tergm-i
1592 2057 1732 2087 adversas
1746 2063 1845 2097 partes
1859 2061 1940 2095 volo,

500 2102 630 2132 anticum
651 2102 676 2130 si
697 2102 770 2141 quid
790 2112 885 2137 voco,
906 2103 998 2142 capiti
1016 2104 1170 2142 proximas
1190 2104 1335 2142 intelligo.
1365 2104 1544 2143 Supremum
1558 2103 1637 2132 latus
1653 2102 1796 2142 jecinoris
1809 2104 1866 2134 hoc
1884 2110 1941 2141 est,

499 2147 583 2187 quod
602 2147 641 2177 ad
660 2148 810 2178 vertebras
830 2152 968 2187 spectans
988 2149 1187 2178 ventriculum
1206 2149 1310 2187 tangit.
