2231 2762
406 704 815 751 EXPLICATIO
855 682 1164 750 TABULAE
1201 706 1366 750 AERI
1394 704 1680 749 1NclsAe.

286 941 365 990 Fig.
387 940 423 976 1.
462 947 512 976 Ad
532 948 730 987 explicandas
757 949 808 977 ovi
833 949 1020 978 membranas

235 993 372 1029 inventa,
394 1005 484 1024 ovum
503 998 724 1034 repraesentat,
745 995 783 1023 ad
802 995 1021 1033 longitudinem

235 1039 413 1074 dissectum3
445 1051 550 1069 saccus
577 1040 819 1069 hlastodermalis
855 1040 1016 1079 perfectum,

234 1085 372 1114 allantois
392 1086 524 1114 nondum
543 1089 608 1114 toto
628 1086 731 1114 vitello
746 1089 950 1124 superstructa
965 1088 1019 1114 est.

269 1141 298 1159 a.

268 1177 295 1204 b.

269 1221 302 1250 b'.

268 1452 298 1480 d.

269 1494 306 1525 (Γ.

265 1599 290 1617 e.

267 1685 300 1709 ε’.

261 1773 286 1811 f.

265 1830 286 1848 ,ἴ
289 1840 296 1848 .

276 1893 356 1940 Fig.
384 1889 423 1925 2.

339 1131 498 1159 Putamen.

336 1176 512 1205 Membrana
531 1177 637 1206 vitelli.

337 1222 423 1251 Plica
442 1223 630 1252 membranae
651 1222 764 1257 vitelli,
791 1232 882 1261 supra
902 1225 1021 1261 apertu-

335 1278 398 1296 ram
418 1268 481 1296 nidi
500 1268 533 1296 in
553 1269 656 1298 orbem
677 1268 856 1307 composita.

268 1324 293 1342 c.
334 1313 517 1343 Allantoidis
537 1315 708 1343 membrana
727 1318 861 1343 externa-

334 1359 478 1398 Ejusdem
509 1360 698 1389 membranae
731 1360 828 1399 plica,
867 1360 898 1388 in
927 1371 1019 1400 supra

336 1409 530 1434 memoratam
549 1406 661 1445 plicam
682 1404 745 1444 (b')
765 1405 922 1434 insinuata.

333 1451 518 1480 Allautoidis
537 1451 709 1480 membrana
727 1452 855 1480 interna.

332 1496 517 1526 Allantoidis
534 1497 777 1532 infundibulum,
804 1497 885 1537 quod
906 1498 967 1526 abit
989 1497 1019 1526 in

330 1553 469 1581 uragum.

331 1588 540 1617 Blastoderma
550 1610 560 1623 ,
581 1589 664 1628 qnod
677 1592 772 1618 totum
785 1588 923 1617 vitellum
939 1589 1019 1617 sacci

327 1634 423 1662 instar
439 1634 577 1663 includit.

331 1679 578 1708 Blastodermatis
609 1690 644 1708 ea
670 1691 759 1719 pars,
793 1691 883 1719 quam
915 1680 1019 1709 nidum

331 1725 561 1764 appellavimus.

326 1771 467 1801 Anmion.

328 1818 434 1848 Fetus.

465 1896 557 1925 Fetus
583 1895 717 1930 colubri,
738 1907 775 1925 cx
797 1906 854 1925 ovo
870 1900 1016 1926 resectus.

228 1945 314 1974 Cutis
335 1943 464 1977 ventris,
486 1953 562 1982 quae
582 1942 614 1970 iu
633 1942 799 1971 funiculum
811 1942 1015 1972 umbilicalem

227 1992 404 2030 degenerat,
430 2000 468 2018 ex
487 1991 572 2028 parte
593 1988 770 2017 circumcisa
791 1999 881 2018 venas
901 1993 932 2019 et
957 1990 1015 2020 vis-

228 2048 297 2066 cera
317 2035 453 2075 conspici
473 2035 552 2064 sinit.

263 2093 292 2112 α.

260 2130 286 2158 b.

262 2185 287 2204 c.

262 2220 291 2249 d.

602 2034 790 2073 (magnitudo
811 2035 848 2064 2:
871 2034 914 2073 1.)

339 2082 411 2110 Cor.

337 2128 452 2166 Hepar.

339 2174 402 2202 Inte
406 2172 514 2201 stinum
519 2194 525 2200 .

340 2218 459 2258 Corpus
479 2218 605 2248 Wolffii.

1101 949 1128 976 1.

1102 1086 1134 1114 2.

1101 1177 1132 1204 5.

1175 949 1259 977 Vena
1282 948 1424 987 omphalo
1438 964 1449 969 -
1462 948 1640 982 mescraica,
1673 944 1852 985 proveniens

1176 1005 1214 1023 ex
1245 997 1346 1029 aorta,
1393 1004 1486 1033 quae,
1532 995 1686 1031 amputato
1726 1001 1852 1029 corpore

1175 1040 1310 1074 Wulffii,
1330 1039 1360 1068 in
1381 1042 1575 1079 conspectum
1599 1038 1691 1067 venit.

1175 1086 1295 1114 Arteria
1315 1085 1664 1124 omphalo-meseraica,
1695 1094 1771 1122 quac
1788 1082 1852 1122 jam

1176 1141 1301 1169 parvam
1321 1130 1490 1159 mcscnterii
1510 1141 1614 1159 venam
1633 1129 1756 1168 excipit.

1178 1176 1265 1205 Vena
1284 1176 1475 1204 umbiliealis.

1100 1222 1140 1257 4,
1161 1221 1193 1250 5.
1234 1221 1371 1250 Arteriae
1393 1221 1588 1250 umbilieales.

1112 1321 1192 1368 Fig.
1222 1318 1446 1356 5.Allan10is
1467 1326 1504 1354 al·
1531 1326 1648 1354 arteriis
1674 1326 1851 1355 umbilieali-

1060 1372 1117 1401 bns
1136 1373 1298 1412 perforata-

1099 1428 1128 1446 (ι.

1098 1464 1124 1492 h.

1175 1418 1362 1447 intestinum.

1171 1464 1301 1503 Uragus.

1099 1519 1143 1538 cc
1157 1519 1182 1538 c.
1204 1510 1430 1538 Iusundibulum
1456 1510 1647 1544 allantoidis,
1675 1509 1737 1538 sive
1763 1508 1849 1538 loeus

1174 1555 1225 1583 ubi
1250 1566 1361 1594 aragus
1394 1556 1423 1583 iu
1450 1556 1652 1584 membranam
1677 1555 1849 1584 allantoidis

1172 1601 1319 1630 internam
1339 1602 1412 1640 (fig.
1431 1601 1460 1629 1.
1480 1601 1520 1640 d)
1540 1602 1612 1630 abit.

1098 1647 1154 1676 dd.
1177 1647 1313 1676 Arteriae
1334 1646 1540 1682 umliilicales,
1561 1657 1637 1686 quae
1659 1658 1784 1686 uragum
1797 1658 1849 1677 ex-

1174 1693 1321 1721 trinsecus
1341 1693 1532 1722 comitantur.

1097 1737 1235 1767 cl'd'd‘.
1263 1739 1400 1768 Arteriae
1427 1739 1633 1774 umbilicalcs,
1661 1749 1754 1778 quae,
1782 1750 1847 1777 pcr-

1172 1786 1269 1815 sorata
1295 1785 1476 1820 allantoide,
1511 1786 1591 1814 intus
1617 1785 1647 1813 in
1681 1796 1756 1814 cavo
1782 1785 1847 1824 ejus

1171 1831 1406 1870 conspiciuntur.

1108 1939 1187 1987 Fig.
1217 1937 1255 1973 4.
1306 1945 1402 1975 Ovum
1429 1948 1636 1984 repraesentat
1661 1945 1718 1973 hoe
1743 1945 1844 1979 modo,

1056 1995 1090 2020 ut
1122 1995 1264 2031 putamen
1296 1991 1409 2030 pariter
1434 1994 1523 2030 atque
1553 1991 1724 2020 membrana
1749 1991 1845 2019 vitelli

1056 2041 1170 2067 remota
1201 2038 1276 2072 sint,
1310 2037 1482 2066 allantoidis
1508 2047 1579 2066 vero
1609 2040 1731 2065 externa
1755 2047 1846 2065 mem—

1056 2084 1149 2113 brana
1187 2084 1258 2123 (fig.
1281 2084 1308 2112 1.
1329 2083 1376 2122 c.)
1414 2083 1507 2112 incisa
1537 2086 1567 2112 et
1597 2086 1735 2111 retracta.

1058 2133 1230 2168 aperturam
1250 2129 1313 2158 nidi
1333 2130 1411 2158 fetus
1432 2128 1626 2168 conspicitur.

1095 2185 1124 2204 a.

1785 2083 1846 2111 Per

1173 2175 1283 2203 Saccus
1313 2174 1572 2209 blastodcrmatis,
1608 2175 1723 2204 interna
1753 2187 1843 2206 mem-

1130 2236 1132 2243 ν
1168 2221 1260 2250 brana
1281 2220 1451 2250 allantoidis
1473 2221 1540 2260 (fig.
1563 2221 1590 2250 1.
1613 2219 1659 2259 d.)
1678 2222 1802 2252 cinctus.
