2231 2762
791 159 953 164 -———-
1041 134 1071 173 7

249 247 392 291 propter
419 254 518 276 usum
543 247 578 276 et
605 241 752 276 formam
778 239 872 287 cju5‚
915 239 1035 274 nidum
1069 239 1319 288 appellabimus
1337 239 1379 289 ¹²).
1436 240 1534 286 Ova,
1582 253 1670 288 quae
1705 246 1862 275 recenter

251 314 348 355 parta
374 306 600 351 videbantur,
638 305 765 353 elapsis
798 304 871 339 scre
897 303 1009 339 tribus
1036 304 1158 340 diebus
1185 307 1235 340 sie
1262 318 1299 341 se
1326 305 1522 351 habebant,
1559 311 1597 340 ut
1628 304 1862 341 blastoderma

251 373 403 421 undique
429 371 636 419 explicatum
662 370 754 404 sacci
780 369 928 403 formam
953 376 1242 416 repraesentaret,
1272 371 1331 418 qui
1347 376 1457 406 totum
1473 370 1628 405 vitellum
1655 369 1860 405 includeret.

254 439 309 473 Ex
335 450 404 486 quo
431 437 651 484 perspicuum
677 440 743 479 cst,
771 433 927 468 vitellum
953 435 1082 470 sensIm
1102 448 1122 469 a
1138 434 1337 470 membrana
1365 448 1427 470 sua
1445 436 1610 483 separari,
1629 435 1865 471 intercedente

254 503 414 538 nimirum
440 501 566 536 lamina
594 500 680 535 fetui
704 500 858 547 propria.
914 499 1032 546 Quare
1052 501 1228 548 putamine
1254 501 1311 535 ovi
1336 506 1470 536 remoto
1496 501 1639 549 ipsaqu'e
1665 501 1865 536 membrana

255 567 362 603 vitelli
389 566 564 611 detracta,
599 564 736 599 vitellus
767 565 908 599 minime
935 564 1079 611 diffluit,
1117 565 1179 601 sed
1205 578 1297 600 novo
1324 579 1426 602 sacco
1452 566 1630 612 inclusus,
1668 579 1770 614 quam
1795 567 1865 613 pri-

255 647 347 668 mum
375 632 522 666 {ormam
547 629 711 675 habebat,
740 630 899 664 sustinet.
939 630 1107 665 Redimus
1134 631 1178 666 ad
1195 644 1270 666 eam
1297 636 1444 679 partem,
1474 645 1577 680 quam
1603 630 1724 666 nidum
1748 631 1865 679 appel·

256 699 413 734 lavimus.
467 695 582 743 Hujus
608 695 693 730 haec
719 696 809 729 ratio
837 700 911 740 cst,
939 700 978 730 ut
1004 695 1117 730 aditus
1143 696 1216 731 nidi
1242 698 1464 732 constrictior
1490 698 1554 742 sit,
1583 709 1742 732 recessus
1765 707 1863 741 vero,

257 764 315 811 qui
337 762 445 796 retum
471 760 580 806 celet,
609 760 824 807 explicatior.
864 760 963 806 Quae
989 774 1094 809 quum
1116 761 1163 796 ita
1189 762 1271 807 sint,
1300 763 1418 798 vitello
1444 764 1582 811 integro
1609 762 1750 796 minime
1775 766 1869 796 totus

257 829 349 864 fetus
382 827 556 871 cernitur,
596 825 659 860 sed
691 838 755 874 per
780 825 910 861 aditum
945 825 1038 871 nidi,
1081 839 1185 874 quam
1212 827 1401 862 fenestram
1427 827 1542 863 dicere
1567 829 1704 876 possiS,
1747 827 1870 875 exigua

257 893 333 941 ejus
358 904 440 940 pars
466 891 691 938 conspicitur.
746 891 879 926 Verum
904 890 962 925 hic
987 890 1100 925 aditus
1126 891 1199 926 nidi
1223 892 1416 939 pellucidus
1441 893 1540 929 locus
1567 899 1640 940 est,
1669 895 1705 928 in
1730 905 1869 941 praece-

259 957 420 994 dentibus
445 969 465 991 a
482 969 538 991 me
559 961 861 991 commemoratus.
916 956 1006 991 Nam
1031 961 1166 991 remoto
1192 959 1367 1004 putamine
1393 960 1507 995 variae
1533 959 1673 1008 quidem
1699 957 1869 994 membra-

258 1036 324 1059 nae
349 1022 481 1058 aditum
505 1020 578 1055 nidi
598 1020 793 1066 obducunt,
823 1020 907 1066 sed,
939 1034 1046 1068 quum
1070 1021 1264 1069 pellucidae
1291 1024 1378 1070 sint,
1407 1025 1488 1060 vitri
1513 1026 1623 1060 instar
1648 1030 1730 1060 sunt
1755 1029 1791 1060 et
1817 1023 1872 1059 fe-

260 1096 332 1124 tum
359 1087 455 1122 cerni
483 1087 613 1121 sinunt.
669 1087 775 1121 Conf.
804 1086 867 1134 fig.
898 1085 919 1120 1
948 1091 982 1121 et
1007 1085 1063 1131 4„

423 1151 503 1197 Quo
529 1151 609 1186 loco
634 1150 868 1186 blastoderma
892 1151 930 1185 in
955 1150 1076 1186 nidum
1101 1164 1139 1186 se
1164 1152 1335 1198 insinuat,
1376 1152 1425 1188 ibi
1450 1154 1561 1202 plicae
1585 1156 1675 1191 fiunt
1704 1155 1806 1201 tales,
1835 1160 1874 1190 ut

260 1219 316 1254 vel
340 1217 423 1252 hinc
449 1215 568 1264 colligi
592 1217 718 1264 possit,
746 1215 866 1250 nidum
897 1216 992 1251 insiti
1017 1216 1175 1251 animalis
1201 1219 1402 1253 extensione
1429 1231 1505 1254 esse
1531 1220 1749 1256 fabricatum.
1802 1220 1872 1256 Ne-

260 1297 327 1333 que
352 1282 421 1317 hoc
446 1286 638 1317 memoratu
664 1281 807 1330 dignum
833 1280 1018 1328 haberem,
1056 1282 1125 1316 nisi
1149 1283 1241 1317 inter
1272 1283 1399 1318 multas
1431 1284 1541 1332 plicas
1567 1287 1813 1321 minutissimas
1840 1290 1875 1321 ct

261 1347 443 1384 variabiles
476 1359 545 1381 una
575 1359 764 1395 permagna
795 1352 830 1382 et
861 1347 964 1395 plane
997 1352 1162 1383 constans
1195 1354 1298 1383 esset.
1355 1349 1396 1384 In
1423 1363 1492 1398 qua
1524 1350 1612 1385 nihil
1639 1351 1773 1386 fortuiti
1799 1363 1874 1386 esse

262 1415 330 1450 hoc
355 1413 474 1460 utique
502 1411 674 1456 ostendit,
717 1411 811 1460 quod
843 1417 879 1448 et
905 1412 997 1447 setus
1028 1414 1153 1448 rictum
1184 1426 1362 1461 nunquam
1387 1427 1459 1450 non
1485 1415 1669 1451 adversum
1696 1417 1727 1452 ei
1752 1415 1872 1462 habet,

264 1485 299 1515 et
322 1478 470 1514 maxima
495 1476 692 1512 altantoidis
716 1490 800 1512 vasa
825 1478 862 1512 in
886 1478 957 1513 imo
985 1477 1061 1526 ejus
1086 1491 1226 1514 recessu
1252 1478 1482 1515 descendunt.
1535 1482 1638 1517 Hanc
1653 1495 1737 1529 prae
1764 1487 1875 1517 eaete-

264 1545 313 1580 ris
337 1543 465 1592 plicam
489 1542 769 1577 blastodermatis
799 1542 1015 1578 vocabimus.

428 1606 674 1653 Ostendimus,
703 1607 823 1642 nidum
849 1608 937 1655 pulli
961 1608 1037 1643 fieri
1062 1609 1284 1655 extensione,
1320 1622 1520 1659 compresso
1546 1610 1816 1648 blastodermate
1843 1618 1877 1648 et

265 1676 302 1710 in
332 1672 487 1708 vitellum
517 1671 663 1707 subinde
694 1673 881 1708 insinuato.
935 1673 1011 1710 Nee
1044 1679 1160 1709 tamen
1194 1674 1296 1710 nidus
1324 1676 1399 1711 sola
1429 1676 1710 1712 hlastodermatis
1737 1677 1876 1725 depres-

266 1741 364 1775 sione
390 1742 555 1786 augetur,
582 1750 702 1772 verum
728 1739 835 1773 etiam
856 1751 1031 1774 novarum
1049 1740 1198 1786 partium
1224 1742 1444 1788 accessione,
1479 1755 1565 1791 quas
1590 1743 1700 1778 vitelli
1726 1755 1792 1790 ope
1818 1741 1877 1777 ad-

267 1805 353 1841 ferri
378 1802 543 1839 credibile
568 1808 634 1839 est.
689 1804 815 1854 Itaque
827 1804 950 1850 nidus,
980 1806 1136 1853 quamw‘s
1163 1812 1308 1855 augetur
1333 1819 1454 1842 saccus
1480 1807 1780 1854 blastedermatis,
1808 1820 1881 1843 non

268 1869 501 1914 imminuitur,
545 1867 607 1903 sed
633 1881 736 1918 quam
760 1870 911 1918 primum
937 1869 1088 1906 habebat
1119 1871 1394 1920 magnitudinem
1420 1874 1547 1909 retinet
1575 1886 1615 1909 ac
1641 1879 1751 1909 totum
1778 1885 1880 1909 ovum

370 2062 394 2100 ⁶)
433 2060 546 2090 Nidum
571 2071 632 2090 uon
655 2062 734 2091 setus
759 2062 956 2092 incumbentis
975 2065 1108 2103 pondere
1127 2065 1179 2094 sed
1198 2066 1392 2095 increscentis
1410 2069 1528 2096 tumore
1548 2068 1687 2096 excavari
1707 2067 1781 2096 situs
1800 2067 1881 2097 illius

433 2106 533 2135 docet.
573 2106 652 2136 Nam
671 2118 729 2137 ova
748 2107 940 2137 colubrorum
959 2119 1019 2137 non
1038 2109 1080 2138 ita
1100 2113 1133 2138 ut
1153 2110 1331 2148 gallinarum
1351 2112 1486 2140 instituta
1507 2116 1575 2141 sunt
1582 2134 1591 2148 ‚
1625 2123 1719 2153 quae,
1750 2123 1882 2152 quocun-

434 2161 492 2191 que
510 2151 631 2181 taudem
650 2162 684 2182 ea
703 2156 820 2188 vertas,
841 2153 890 2182 vel
910 2163 1030 2192 germen
1049 2155 1098 2184 vel
1118 2155 1212 2185 fetum
1232 2166 1358 2195 superne
1377 2156 1514 2185 habeant.
