2231 2762
845 118 1375 158 -ῌ-Βῌ

304 242 412 277 usque
440 227 565 274 explet.
623 225 739 270 Quum
767 231 879 260 autem
908 237 1029 259 saccus
1055 224 1113 259 ille
1139 237 1210 258 non
1237 223 1466 268 diminuatur,
1495 221 1597 257 nidus
1623 236 1704 258 vcro
1731 231 1909 273 augeatur,

303 293 498 329 necessario
526 290 768 338 consequitur,
799 289 919 323 nidum
945 289 989 323 ad
1016 290 1108 323 sacci
1121 288 1286 323 ambitum
1313 288 1515 336 pervenire,
1544 287 1580 322 id
1607 289 1701 336 quod
1727 289 1911 325 ohservare

303 360 383 393 licet
409 362 481 392 toto
511 355 627 390 vitello
654 354 698 389 ad
724 354 946 389 nutriendum
981 354 1090 388 fetum
1125 359 1321 388 consumto.
1377 354 1544 401 Superest
1569 359 1607 388 ut
1632 352 1912 400 conjunctionem

305 435 506 471 quaeramus
531 422 622 456 inter
646 419 881 454 blastoderma
907 424 941 455 et
968 419 1076 454 fetum
1101 418 1385 454 intercedentem.
1442 419 1557 465 Quam
1591 420 1650 467 qui
1677 419 1846 466 colligunt
1871 432 1913 454 ex

304 489 450 523 aliorum
465 487 630 534 anguium
646 484 889 530 similitudine,
907 497 980 519 non
994 489 1144 531 possunt
1157 497 1230 519 non
1247 489 1446 531 exspectare
1460 484 1614 519 canalem
1631 497 1673 519 ex
1687 483 1796 518 vitelli
1811 496 1911 518 sacco

306 553 349 587 ad
365 553 525 587 intestina
538 551 624 599 pulli
638 549 897 598 procedentem.
926 551 1065 585 Etenim
1082 550 1190 584 Carus
1204 550 1389 585 memoriae
1403 549 1569 596 prodidit,
1588 562 1736 598 anguem
1752 549 1911 597 fragilem

305 624 339 654 et
365 617 545 653 colubrum
570 616 692 651 herum
719 614 763 649 ad
779 615 892 650 avium
905 617 1014 651 instar
1029 617 1075 650 ita
1093 617 1209 664 gigni,
1239 621 1277 650 ut
1290 615 1333 650 ad
1347 620 1484 662 partum
1498 628 1607 663 usque
1628 615 1757 649 canalis
1770 614 1910 649 vitello·

306 683 512 719 intcstinalis
529 686 664 729 pateat,
681 693 802 715 saccus
817 686 930 716 autem
944 682 1053 716 vitelli
1068 681 1181 716 alvum
1195 681 1282 728 pulli
1302 685 1435 727 repetat
1450 681 1533 715 etin
1555 694 1632 715 eum
1655 694 1692 716 se
1712 680 1907 728 recipiat).

307 751 428 798 Itaque
446 760 519 782 non
540 748 622 781 satis
638 747 755 780 mirari
770 752 899 794 potest,
919 746 1073 794 ejusdem
1090 748 1228 795 generis
1243 747 1392 794 speciem
1403 771 1413 791 ,
1435 745 1616 780 colubrum
1635 746 1713 780 dico
1730 747 1909 789 natricem,

307 815 443 850 diverso
459 812 563 848 modo
578 813 681 856 oriri,
701 812 833 847 scilicet
849 813 980 847 resciso
995 825 1015 846 a
1027 811 1296 847 hlastodermate
1313 811 1408 858 pullo
1431 811 1596 859 nulloque
1610 812 1731 846 itinere
1747 810 1790 844 ad
1804 809 1911 845 vitelli

306 880 572 916 destillationem
587 882 719 925 aperto.
751 877 888 912 Canalis
903 877 1246 912 vitello-intestinalis
1261 877 1376 911 nullus
1392 876 1671 923 deprehenditur.
1716 876 1795 921 Qua
1811 875 1853 910 dc
1876 888 1912 909 re

306 947 488 995 certiorem
500 957 555 978 me
565 943 723 977 fecerunt
738 942 906 989 plurimae
922 941 1182 976 observationes
1198 954 1325 988 eaeque
1349 942 1486 976 diverso
1508 941 1613 976 modo
1635 942 1823 976 institutae.
1857 942 1911 975 Ac

305 1013 453 1058 primum
480 1008 618 1057 quidem
633 1008 824 1042 examinavi
838 1008 1020 1052 intestina,
1051 1019 1138 1054 quae
1159 1006 1288 1041 canalis
1306 1007 1463 1041 adeuntis
1485 1020 1528 1042 ne
1547 1006 1758 1042 levissimum
1774 1005 1912 1054 quidem

304 1076 487 1123 vestigium
512 1072 758 1121 praebuerunt.
812 1072 1027 1107 Monendum
1047 1078 1099 1106 est
1124 1077 1259 1117 autem,
1288 1073 1324 1106 in
1350 1071 1632 1119 vena-omphalo
1656 1073 1843 1107 meseraica
1859 1085 1910 1107 er—

304 1142 393 1176 roris
419 1140 535 1174 locum
561 1152 655 1184 esse,
685 1150 795 1186 quae,
833 1139 863 1171 si
887 1138 1056 1185 sanguine
1082 1142 1202 1182 vacat,
1233 1137 1394 1172 facillime
1419 1149 1484 1184 pro
1510 1136 1628 1171 canale
1654 1136 1820 1182 habetur,
1857 1138 1912 1172 vel

305 1207 349 1241 ob
377 1206 587 1250 crassitiem,
617 1216 705 1251 quae
729 1203 902 1237 intestinis
926 1215 1049 1249 parum
1063 1207 1261 1249 superatur,
1289 1202 1345 1237 vel
1360 1201 1405 1236 ol)
1419 1215 1576 1247 cursum,
1607 1203 1666 1250 qui
1692 1215 1735 1237 ex
1757 1203 1911 1237 funiculo

304 1271 492 1306 umbilicali
518 1269 562 1304 ad
587 1269 749 1303 intestina
775 1274 839 1303 est.
894 1268 1030 1303 Deinde
1057 1267 1248 1302 funiculum
1273 1269 1386 1314 ipsum
1419 1268 1629 1313 examinavi,
1670 1280 1772 1315 quem
1805 1281 1910 1316 quum

305 1338 515 1385 aperuissem
543 1341 576 1370 et
603 1333 666 1368 sub
693 1334 785 1369 lente
811 1335 919 1369 vitrea
947 1333 1207 1380 explicuisscm,
1249 1333 1386 1368 canales
1419 1334 1532 1368 inesse
1565 1333 1636 1367 vidi
1662 1345 1743 1378 sex,
1780 1333 1911 1369 scilicet

305 1402 524 1451 sanguiferos
550 1401 720 1448 quinque,
751 1413 896 1448 uragum
920 1412 1048 1443 unum,
1083 1404 1119 1433 at
1144 1398 1262 1434 vitello
1288 1399 1531 1433 inservientem
1556 1398 1701 1433 nullum.
1757 1398 1911 1444 Quarum

280 1503 283 1507 ,
304 1468 584 1503 observationum
610 1465 788 1500 veritatem
815 1464 1020 1499 confirmare
1045 1465 1119 1498 visa
1145 1470 1198 1499 cst
1222 1463 1500 1498 blastodermatis
1526 1469 1661 1509 natura,
1690 1462 1726 1497 id
1744 1469 1796 1498 est
1821 1466 1912 1498 sacci

303 1533 377 1580 ejus
403 1531 498 1566 nullo
526 1531 694 1564 foramine
720 1531 877 1576 percussi
902 1530 1064 1576 parietes.
1101 1529 1150 1563 At
1166 1542 1208 1563 ne
1225 1530 1302 1576 quis
1329 1541 1426 1563 error
1451 1529 1659 1575 intercedat,
1687 1529 1911 1576 repetendum

305 1604 377 1642 est,
407 1597 501 1631 nulla
528 1609 581 1630 me
608 1608 673 1629 ova
699 1596 913 1630 examinasse
940 1608 958 1629 e
976 1601 1095 1629 ventre
1122 1595 1241 1628 matris
1266 1593 1428 1629 colubrae
1455 1599 1600 1629 resecta.
1635 1594 1758 1628 Monui
1784 1600 1910 1638 autem,

306 1676 371 1697 ova
397 1661 616 1697 colubrarum
637 1660 711 1708 jam
736 1665 815 1695 ante
840 1665 977 1707 partum
1004 1660 1113 1695 fetum
1139 1660 1330 1705 continere,
1360 1659 1574 1708 quiquidem
1600 1659 1716 1694 multis
1741 1658 1909 1707 partibus,

306 1735 340 1763 et
366 1727 490 1772 corde,
520 1732 554 1762 et
579 1726 770 1770 intestinis,
796 1730 830 1760 et
850 1724 1008 1772 jecinore
1034 1726 1222 1759 instructus
1235 1730 1300 1759 est.
1355 1725 1476 1773 Itaque
1501 1730 1580 1760 ante
1605 1730 1742 1773 partum
1768 1736 1912 1758 ovorum

307 1806 395 1841 quae
421 1792 572 1840 partium
597 1796 769 1825 structura
795 1791 859 1835 sit,
887 1803 958 1824 non
984 1789 1096 1824 habeo
1124 1789 1257 1835 dicere,
1287 1789 1348 1824 sed
1373 1795 1487 1825 tamen
1513 1789 1713 1837 conjectura
1737 1790 1912 1837 provideri

306 1864 441 1906 potest,
477 1855 700 1891 colubrorum
726 1868 798 1890 non
822 1855 921 1890 aliam
950 1861 1053 1903 atque
1080 1855 1290 1903 reliquorum
1318 1855 1513 1889 animalium
1539 1856 1795 1903 generationem
1819 1869 1908 1901 esse,

306 1936 430 1972 nempe
464 1922 586 1966 talem,
633 1927 672 1955 ut
704 1921 866 1956 intestina
899 1920 1177 1956 hlastodermatis
1216 1921 1381 1968 plicatura
1414 1922 1590 1969 procreari
1623 1920 1814 1956 videantur.
1871 1922 1911 1955 Iu

406 2139 429 2175 ³)
468 2136 785 2175 Erlit'ulcrunqsmfeln
824 2136 898 2174 ¹1¹st
917 2137 982 2164 III.
