2231 2762
1100 123 1127 138 p

852 147 1013 152 -————
1072 124 1128 164 10

296 237 375 277 pate
401 242 438 265 se
466 229 689 265 distribuunt.
745 228 842 264 Sicut
868 235 981 264 autem
1004 228 1105 277 jecur
1130 230 1313 275 increscit,
1355 234 1390 265 et
1423 236 1460 265 ut
1494 242 1574 265 vasa
1609 229 1812 277 sauguinem
1848 231 1906 264 ad-

297 295 444 330 serentia
469 308 613 330 numero
640 300 830 344 augentur,
866 295 912 329 ita
947 294 1032 330 haee
1065 309 1147 343 pars
1174 308 1302 341 venae,
1340 308 1427 342 quae
1462 295 1559 331 cordi
1585 294 1698 330 adhue
1724 296 1908 330 commissa

298 367 371 405 est,
398 362 510 409 magis
537 365 737 406 coercetur,
766 361 835 394 imo
861 359 964 406 plane
997 362 1262 409 constringitur.
1317 361 1410 395 Hine
1437 373 1549 395 novus
1575 360 1755 408 sanguinis
1787 371 1909 395 cursus

296 426 430 473 incipit.
484 426 575 461 Nam
603 426 662 473 qui
689 437 793 460 eruor
818 424 926 459 vitelli
954 437 1019 472 ope
1046 431 1209 473 paratur,
1237 426 1290 470 iS,
1322 424 1466 460 obcluso
1500 425 1616 460 cordis
1650 424 1764 470 aditu,
1805 437 1906 459 unam

295 505 358 539 per
385 491 485 539 jecur
510 492 600 526 viam
623 490 740 526 habet.
796 489 965 537 Superest
989 495 1027 525 ut
1060 496 1198 538 tempus
1233 504 1459 540 quaeramus,
1496 503 1566 538 quo
1592 490 1651 524 illa
1684 490 1769 526 fiant
1801 504 1820 525 a
1852 504 1908 525 me

295 555 432 590 tradita.
488 555 530 590 Id
557 555 696 604 quidem
724 555 808 590 satis
833 560 993 590 accurate
1019 568 1090 590 non
1117 557 1298 604 perspexi,
1328 556 1390 591 sed
1414 561 1530 591 tamen
1560 556 1752 602 putaverim
1784 569 1907 591 venam

295 620 712 668 omplialo-meseraicam
738 619 841 667 paulo
868 624 950 667 post
976 620 1174 656 allantoidis
1199 622 1452 669 perfectionem
1479 621 1693 668 constringi,
1722 621 1768 654 ita
1794 627 1832 655 ut
1856 623 1906 655 vi-

295 685 378 720 tello
405 686 543 732 penitus
568 685 605 719 in
632 684 853 720 allantoidem
879 685 1056 731 implicato
1082 698 1169 720 vena
1195 691 1268 722 tota
1289 687 1458 734 jecinoris
1491 698 1566 721 esse
1599 684 1767 719 videatur.
1828 686 1906 720 Hoc

295 750 446 786 sectmda
471 751 661 797 septimana
687 749 763 784 fieri
789 749 1007 784 crediderim.
1023 749 1051 799 *)

457 816 558 850 Vena
584 814 968 862 omphalo-meseraica
991 814 1027 848 in
1047 827 1171 850 venam
1188 820 1310 862 portae
1327 821 1490 850 mutatur.
1531 816 1586 850 Ac
1601 816 1751 863 primum
1767 815 1904 863 quidem

292 880 521 915 minutissima
546 892 628 914 vasa
654 881 794 927 exeipit,
822 880 949 927 partim
965 892 1008 914 ex
1024 880 1210 926 intestinis,
1229 881 1354 928 partim
1372 894 1414 916 ex
1431 881 1639 916 mesenterio
1657 886 1744 916 orta.
1779 879 1899 929 (Conl'.

291 945 355 994 fig.
384 943 422 979 2.
439 943 490 993 c.)
542 945 640 980 Haec
666 958 748 980 vasa
771 946 900 980 sensim
925 945 1115 993 augentur,
1140 959 1230 980 vena
1251 959 1334 981 vero
1354 947 1429 994 ipsa
1451 947 1679 981 imminuitur.
1733 946 1904 982 Nimirum

291 1010 379 1045 haee
403 1022 484 1057 pars
510 1022 618 1045 venae
644 1010 880 1056 imminuitur,
910 1023 998 1058 quae
1025 1023 1066 1045 ex
1092 1009 1363 1046 blastodermate
1387 1012 1530 1046 veniens
1564 1011 1757 1046 funiculum
1791 1009 1903 1045 umbi-

291 1075 626 1127 liealemffiermeat,
655 1074 762 1109 altera
789 1087 891 1120 vero,
921 1087 1009 1123 quae
1041 1074 1084 1109 ab
1118 1076 1291 1110 intestinis
1324 1077 1528 1124 sanguinem
1565 1078 1711 1124 excipit,
1747 1088 1903 1124 quaeque

290 1151 397 1175 venae
421 1144 600 1186 portarum
615 1138 695 1173 finis
718 1144 771 1174 est
792 1139 950 1185 futurus,
974 1151 1047 1174 non
1072 1140 1308 1185 imminuitur,
1337 1154 1457 1176 verum
1482 1147 1520 1176 ut
1539 1142 1629 1177 fetus
1648 1143 1722 1189 ipse
1740 1146 1898 1189 augetur.

287 1205 411 1252 Neque
437 1202 581 1238 dubium
608 1217 685 1239 esse
715 1209 832 1251 potest
866 1205 951 1253 quin
969 1205 1067 1251 prior
1088 1217 1171 1252 pars
1194 1218 1302 1240 venae
1324 1211 1358 1241 et
1378 1218 1444 1241 ovo
1466 1208 1648 1254 proprior,
1681 1220 1786 1254 quum
1815 1205 1902 1253 pulli

289 1269 457 1314 eduntur,
485 1269 587 1316 plane
617 1269 783 1304 deleatur.
846 1270 902 1304 Ex
925 1282 995 1318 quo
1019 1271 1242 1317 perspicuum
1263 1276 1337 1316 est,
1367 1284 1476 1306 venae
1500 1272 1901 1319 omphalo-meseraieae

287 1347 390 1370 unam
412 1339 545 1381 partem
565 1335 785 1382 superstitem
811 1347 888 1370 esse
914 1334 1083 1381 mediam,
1114 1349 1203 1384 quae
1229 1341 1350 1383 portae
1368 1349 1496 1372 nomen
1515 1338 1660 1384 accipit,
1689 1336 1794 1371 finem
1818 1348 1900 1370 vero

285 1407 469 1447 utrumque
492 1398 689 1445 obliterari,
719 1413 798 1434 cum
824 1413 923 1446 eum,
954 1401 1013 1449 qui
1034 1401 1146 1448 prima
1169 1406 1280 1437 aetate
1303 1401 1402 1436 cordi
1423 1403 1604 1448 inseritur,
1634 1407 1706 1436 tum
1740 1401 1897 1445 alterum⁷

285 1465 369 1500 nido
395 1464 675 1499 blastodermatis
702 1466 939 1500 commissum.

447 1530 586 1564 Arteria
612 1529 993 1577 omphalo-meseraica
1019 1520 1129 1566 multo
1155 1531 1294 1566 tenuior
1320 1544 1424 1579 quam
1455 1531 1609 1580 ejusdem
1635 1532 1786 1567 nominis
1812 1543 1899 1565 vena

284 1601 349 1631 est.
403 1595 501 1629 Haec
526 1595 563 1628 in
588 1595 739 1629 minimis
758 1594 1006 1643 emhryonibus
1037 1608 1129 1643 pone
1157 1595 1260 1644 jecur
1287 1609 1330 1631 ex
1356 1602 1452 1632 aorta
1479 1597 1551 1632 abit
1576 1602 1743 1645 rectoque
1769 1596 1898 1644 angulo

282 1660 485 1696 umbilicum
510 1658 593 1694 adit.
633 1658 755 1708 (Conf.
784 1659 847 1708 fig.
876 1659 913 1695 2.
944 1659 993 1709 2.)
1045 1661 1095 1695 At
1119 1673 1192 1695 non
1218 1667 1382 1697 constans
1407 1662 1562 1698 umbilici
1588 1663 1687 1697 locus
1714 1668 1786 1707 est,
1824 1662 1895 1709 qui,

284 1739 355 1775 quo
380 1725 609 1774 perfectiores
636 1725 728 1760 fetus
754 1725 866 1770 fiunt,
894 1738 914 1760 a
935 1725 1093 1773 jecinore
1118 1726 1258 1775 longius
1284 1727 1428 1763 recedit.
1484 1728 1565 1775 Quo
1591 1728 1631 1764 fit
1648 1734 1686 1763 ut
1703 1728 1897 1763 inflectatur

361 1905 385 1943 ¹¹)
445 1904 605 1934 Sciendum
635 1908 700 1940 est,
727 1909 842 1935 eertum
866 1909 986 1945 tempus
1015 1907 1213 1945 generationis
1242 1908 1359 1936 nullum
1391 1918 1466 1937 esse.
1508 1908 1638 1937 Lentene
1672 1918 1707 1936 an
1734 1909 1794 1937 cito
1819 1908 1896 1937 fetus

441 1951 683 1985 conformentur,
704 1951 814 1990 partim
841 1962 879 1980 ex
899 1952 976 1981 coeli
999 1955 1134 1991 tempore
1161 1952 1288 1991 pendet,
1323 1954 1432 1992 partim
1464 1964 1503 1983 ex
1536 1954 1754 1991 stragulorum,
1787 1955 1896 1993 quibus

441 2004 500 2023 ova
520 1995 727 2031 eontinentur,
747 1996 883 2026 humore.
925 1997 984 2032 Qui
1003 1997 1055 2025 uhi
1074 1997 1195 2026 modum
1215 1998 1352 2032 excedit,
1373 2008 1431 2027 ova
1450 2002 1647 2037 putreesuut,
1672 2000 1697 2028 si
1719 1999 1792 2039 quid
1811 2000 1895 2028 deest

439 2039 573 2069 humoris
583 2061 598 2075 ,.
615 2045 764 2070 arescunt.
805 2042 839 2070 ln
859 2043 1008 2081 seri-affine
1028 2042 1138 2071 leviter
1155 2042 1323 2071 humefacta
1343 2053 1399 2071 ova
1425 2044 1617 2073 colubrorum
1647 2055 1741 2082 paene
1761 2055 1816 2083 per
1834 2048 1895 2073 ires

439 2097 557 2116 meuses
584 2088 759 2117 conservavi
767 2110 777 2123 ,
817 2099 884 2128 quo
913 2091 1049 2126 tempore
1088 2089 1211 2128 elapso,
1251 2099 1344 2128 quum
1377 2089 1489 2127 optime
1516 2091 1635 2119 formati
1671 2091 1748 2119 fctus
1779 2094 1894 2124 essent,

438 2132 566 2172 denique
585 2132 771 2162 interierunt.
